115546291341688685731882175385182992317333866775579953497 8
121622581885925758553165798996348399231816758279331123632 -7
132583997197339753538662881939352852567185581212494864179771 6
1331262455565318197144358192332487448854866843989932 -9
135194331485594441281942212688879518219933985593544685326 8
137958641589114987752798977889179187422631621394322834356 8
13918246516483752635399342126488773124457688832359676862779 -6
1417256493452411551954357653377248938829865296228766984171 7
1478341456595744774611183862434291899586382351588966236312 7
1487734926598856321435443311228365487122228996775338544 1
15549115854447646766169457756864415777792562821912219 -6
15582539332951822952989792338124652137345519771663769711778 7
1591698732316119126675226273844837689227318286977699918 -7
1623978558952151997245661964481335266449827425924131415293 7
169722621878538798837561241643784411381653529814436955469 -5
1713694354968991213962711654884164366355831886729758983795 -1
1715668636826846869447127979769743712911411422934943983222 7
1724994174631913734428762281582562121668429519495897396773 7
1886424979565551449559819542466921117621514469379678222628 -7
222939812514665791127243798346992118435486156288855471399655 6
22642453328763261381752654433363145777996116976 12
22752186943827115494411699821876649411364633936432322 9
229353238662973348895695122238631531741615772198519589184 8
2322791368268587482433327332198651217977511754655835941999169 6
2327419455519786446581158312441597772371593275291238829487 7
234444287533187244799131334511972491375927187795861556283599 6
24118149988556398288228875549277131376479543299735251177429 7
24147776979714446866219959966296221161297114447 -10
24576578928688343753651387633443877694572223445 -12
2486785269342699744924329924335577267667553911576576433539 5
256672658463214854864542818971279817369967356251775317833 8
259955917586893967882395571939862271118173662788672622651371 -4
268561334861471137127195968576575667344632199714798335935 8
2783459375819758811593687176282955321523128242367357817499 7
291176259776935155134671128385628533566598322996963831218898 6
29154387278512977553714744125127766912498826665521668199588 -4
2968397354454891444561879777999393311751377223534855848 -7
29751257434151119955231623328938812752177355863739987287898 6
3225734164423222677711935552481578199883533794395571924449891 6
3253541714967111328573447863399655314185686756168367294544 -7
332374622333782877451377148747352211998555882181181255566 -7
33649329252242965858343533812439556664426618954256411998988 6
346418693432924413612629693482944868318626395221111873998 8
3577312969227227156266255677537267963955618199531331939 -7
36358399721846713666927787682633842396377998228711989415 -8
386375173364831125666336455795416885711198596584319999 -6
388631992914247991544522967888227766649957128411885772 8
3956232713891778893337285283925185665566231761825979151277 7
397759246812879955377694456469719688679641333688173884533 7
41478467457113915692323899191754224211557498299 -5
41747298491888835736914844558433338577127654911277163391655 7
43254376577185369754973839132435554673728217488225981969284421 3
433295455829519173729888289632398926328428775444154595747 8
4335584476371843882836187347138832529156212494126942277797951 6
43956798993675326115515551879642567118838933322 12
448156445713411993165937287599589799555664362634438687331 8
4695773254827825233647686556215655921943669882818323917839 7
4721793553268512245198134243383585449558994781118913399722247 -3
481215783189315111422958199428225544579997727529777888335444 -4
493179432495421127736262771624386235946649247383739988889 8
497425857312193755477827592443521486722248556197188843833 8
51512981953429116719899812863682318398578935222524566534664 7
5342279144145322959759813451817833194321277399477941283765586285 -3
53767918563843366525775611663583525321877799116723888184421 -2
5377921119565733659848676336778894333841146741962955691812 -7
55253429412263399343599462245766875543394984631 12
55689994499494319858598822865415325547666481262641127227717 7
56564612172363366531235223281894851362288135717879971965778 7
581839522574997116941392534274577247851137546933414623716893862 5
5822819258231384195226952435172689783493855561939368116736 7
586233332864923634638639692259912986198622457814155851449854 6
587822562652656574422553225837911988134363183846663931119197 6
588114255273985512876665529638892221495998797824911743417 8
589795234349816421461849788837715168844364173613667761323 8
597888648928478795724867538432667526671241725331455669231 8
618716959259959228497921312836663663535112556973253837127 8
623825298973539817665455112754873812795456986227372886996 8
6387635188474785765836616694342773212212451167333928818122 -7
6527296685322195379862528663757853678735887918121154736939 7
66812264113426273661877691144334888611723227998788723334799994 -4
6691762823553239938461495158949255568623125962183711162893 7
66957867958559276129599166677399633522544537237223233 6
67429624436784437468983334842822338923796698927 -12
67877845915184272542181462292438447769999882287991166674556 7
682163665235577672528511112329686836857787525988133943132 8
68318776321593935589871161272533176138725613747968952665885 7
6882344488137228684785123611357464317789674225724336392676 7
696135212661461432697114921928225686993429884913375784848 8
722867626998797522779921388623365798316653631514295175833914851 5
72358847395219122132531998789751798587275472441369426154965848 5
7273354623887239886521955197918729179277312849965562165311856 6
733336811575435926691395577289412532151287156923219426466674 6
7338228425524429422497926141414335788693537769115976631668 7
738977937873324765984484338828127419954948721942369361215 8
74379878988782237688774835765166545524523444523 8
749134337533772372191831451255978177981948199459248556232 8
749283288246225826167745716486474659289995783758249754665 8
7529983795816521665422953941551533999434387163147137687866 7
754584693761121779855866786885932131575542724383711814 -9
768846961391671523187688872288197157976211226946479449443492255 -4
78323389981713116293361375143458118227729959644268899 -7
783322358167712391165884496663685412233255665345592884489 -1
788123886645356162266213374489928881493996229569339324144 8
815811558371866695857157253857633212676349317922249619796998 -6
81946793241199683445431466179773367669376498478 12
819886318958849792119116247858132237644929149244333366477272 6
82252137919465644814183322299557788592991114517677927444878 4
8225895444473194224123484867891371218137765226133859379835 7
82784674244983994865979666996711816914141116883 -12
831889762256389797497618886646932777125258722364936142199 8
8324422418937633349276598956722265293858146381974565751188534994 4
832579232532798843998611417245575656777922851984113357412 8
8363538936662538673223177122327869869487682191192745595417 7
85156313513387275813975971811735573183227859879666282922266 -6
8581433451658839624377757665561877331322356921277992659 -2
862216279871593664921211772198516947196283763539369323358 7
863336612481567197477535558511183379356351182684224862862 2
864471677989887687516417789155637259663419326598284294324 -7
87559762742641348888545763244377325781431736696928433829916 -6
87626665784557179663946643291974314773824883549894213129791 7
8819931866368348923321316457236478222556823456799956829559 7
88427639567559246191388522692337329256766297651877333587994458 5
897118857767627198889984313294783397994743555666654446 -3
8981827795991544133262786799779926318242782111517835238563 7
89934834478925871275324494722884413316697718983 -11
91285676719977539113758338222187235884911557221 11
91445398573984551815261135563361859322244911828 10
918637792682586725629461178941119388931217332395455526887273 6
9232293877641933386524777566855892469356671176755425232888819 2
923639431494382822885224213169611343869442669183587481155 8
924451253659455193685445833223345119626672287779666998 -3
931529753273914269345613442811966537735861588385881857992972771424 3
93888517564323347811967733566543877888244222656627671554 -1
9389544447675863664865877894312876366477488721112229 9
941119735316925583215968562765421692251642713482799833687 8
94133251186345752853276887665246133662361189791999552288957797 4
94489458232522296886913198281122459991611454688 -9
95172934643153544589455344633897431292211979977 -8
952166478221429687168859712297391865535631138354358138534692 5
96284253419199278876611323378788355772332782381 6
964782686146186958218596567688351153954317789449542122299 8
9679349895495412435231548523121917218512332338425899484665 7
9712313274248224416117143395119952534698363764388246768 -2
9784619381169922162536787488881752695654998525355376694141 7
978711294594812371359357859712691889484859115387256544437 8
97998122468953211431978854385558857383777122125 12
981561958516525575273282347278475983382637837743943929111814194 5
9821741815463743813161157678196554778356776536443983 4
9844447595781253278721245357768782791566984248984325299611111695 -4
9857422694432976258157853189685257961778664122266113947178414 6
98677161891812658428964288294661823554351617467422532535393 7
99213873258235313312772878155135457788979878491 11
99412916616199775412174518814585633326944798226952632276357 7
996568451547612783598892225931749895329661877777862648152 8
