111356497417465241912666891682332344559788933239 -31005
11138223125827433175614829127358854477587566425746346836699999 0
11247263363997657456544775585454216671171194332322299 -31003
1125285119776143185694865584323449738897686143552223396642777 0
113558934287654778625959879911222579186668947844567422643313 0
11373797774291566589336232244566544334252285651111888798999648 0
114583583711883886463354812225624545542992363964112669999 -31003
114832437114926578775618862186687766322715559999558242949333 -31001
11594225137615927498593586234446666334463277582278893187157899 0
117251789237885327244347733566681344937562116699994648898221 -31001
11799235695125545766343344336685878861164779544193122229 0
11917579283477578266397766681685499628828552922334443351 0
1212214877494465222189499565598116746527688966333318547759 -31001
1216753572514548974484764888491785666557687611199222929 -31003
12212222126177191458878337794588835396661443357553758 31004
122544165551153123523972441528644333498778281367778997 31002
12328221157738759668339265588998365776553927319976618112 31002
123548914824129532822256748951733355454891311348897799777 -31003
1256193871775632922771332115226689445785718846398853444594366 0
126274215891211656846689119449633855779653935878833777925223 0
12733192452688749236852433992668778382631166577447589991145 0
12745695893849876118938528124554819132355464496671693363 -31002
12778667318521221117798888894316634236443799446372236955994 31001
12795655398138885997694469665655777467332444288911222112 0
128726194731347887337353372152169989199591622576888265 -31002
12995685612729988839137745655166222357187179688127933634454344 0
13335596445728826913452243349884111852617798873146622999766 31001
133681245724198154435576889243866691271223342713877854565769 0
1338178375688611274879356667345367457542544498985969113991 -31002
13472328883278896431691998897133442977444271 31008
13473783499614117986229978521221223345589885383464459556617766 0
13497346442793332934447982229267951236716667976888888111 31003
13498753159611648712263862657826399116888944935549477 31004
1387481251352433123281564457669866554227742369347156198887 0
138895264533129558991167767398876576579986233678211522321 -31003
1391886799519549128767787499341722344741865842153355822533 31002
139714536151124918857657786632227444773542334921652569998 -31001
14224223524484767614413359277912686899971688313961693388775 0
14393688537184899331796746685715116541763998986555344272247222 0
144484561961668167192517881297732967632334454888979237 31004
14472888156554952198676686591548665982177499219147772422 -31003
145619764393666335261116939934322997127544588822128577 -31002
14596259996935871629945228817133431812357366346144425682777885 0
1459985544982762533645221368848199126331168856576412237 -31002
146111516334565522787867922788139382788156674445344637325 0
1472253987858856556914963233443457785342711889664773222999111 -31001
1474783977889135919945842355442392251943327387882175521 -31003
1476775435744637528593366178516698996451198179918225233344222 -31001
1481379763814774185175496966637759952665333139544419522222882 0
14916253456633872331491354418568563414891569989222252 -31003
14938834765281344286331175176755889852226521542777664433199 0
14956233526929374795789387133966924167177621444436122515 -31002
15284342118764773771923433311227969913688884427556594998556665 0
15299165272251994393425892268467164336413391441777788855375 0
1531677492465532277119151189678253699337336658886894444422 0
15344345242195591672191174581549924336322385776669236889688877 0
15371863244751824516446949887995483356717773352883191599 -31003
15376314253553437159558489421477419977711332984998822822 31003
15382478188798829176299569683552262344325373556711763179914444 0
1543299321542232255826714454744655166917961196733369973778 -31002
15434378446754152441698655333366665875992773192219927127281988 0
1545183211627945522544879275725248411683371789886667694699 31002
15626434858667231788355544218417786577663811129933375442229 -31002
15643737693354458346654464955881919956227717177969113 31004
1565169962395853727661965534445122961117227744324788837993 -31001
15696598892321891998587792222653658214533835334166161 -31005
15767195439277994987681772442556585568 31008
1582339467179228345674486789719361669829711446455553225332791 -31001
1594576669491557532884453211569772322247994417716619288 -31002
15952827663415516943798376221527675298233964449587769311 -31001
1597577783419129162412216468289998844766689615584557724523 31002
16224328742315579622615255345677764335748891466991178818383499 0
16224387137711857295412429511488695687228855965999466763334 0
1626698713533388834153356475855177796664424857781211299992229 -31001
16287383221547633523113364876618212259667844545518875947 -31002
162943543781713547662412332868558433555442167781781999799 -31001
1629852255234534722639587544772546648996471199688117733618 0
163376566624977354889799821547112335393122991882585218756 0
16351171242511432275544334323358554229966649987788878879719 31001
16435321476667264422311473634761233988228849199977919755 -31003
16464257166192557221287858878449674534669541112279889 -31003
164811322116166834897347955225565155436963392877229898893777 0
165191231152382412995573467791928227786684476854676943335 0
16797145234593824438773254669824413357377965621121516652 0
168393718149575112989199842755433255377183642223884794425 31002
169343599188255641289334222453998255266534434119611668 -31003
1693845343341979422495932221461971146683286296776781377 31002
172571655862342728669881226835562495738968373353711791 31004
1743337239412329113481437622467726627694691647188898988955555 0
175553345995286373325312732986516822819698776911289187667 -31003
1774986456981186616114483351382223337799742887755522566542399 0
177823675432953566788895585883669939744331776444922265421219 -31001
17794923186281734234199812263641434477913356699578676 -31002
1832719168765484398716889953692993555723332222114816677 0
184149592391188186753673443669367788812233246799144292625555 31001
186394752469294395125446875114553481977875992766616332 31001
186776265959851562113412322998755287697896762841333444371493 0
18775185938231468819877643176944118999937467465553334665 31003
188414744556327639118877238356699734556466541225977122 -31004
189412385422113385483814767363395641169887766622227795595 0
1894949998872927667671661142846729762822744488133113333 31003
18985514432711232293312563597689635799556731197826878 31002
19246158183434469491726889582162335546221677653182385345999 -31002
19292336224143965511555544378112178228 -31011
19357458894822655763376613827879988227355115331921927 -31003
194294691264356663572878779889832271443192884313477936621 31002
1943586715937795755468893511485836664688977763943911434 31003
1946666555733423458658992456456381377417491222318991739772128 -31001
19834112731923331171359297447443824642279926788879886 -31005
1987372458761567658854998766698234462549977952841125112421 -31002
19898766728899766919934781876283413112254417734554554266553 -31001
21151959629377281165531671394944445546325772339824663888687827 0
211783239296245331175568731788878772691166658625553 0
21475349786654832776551336639893812257386755129967811822991 -31002
2149153545558318734429967266833896778975433889766611144972522 0
21599689591422223593935116791666117332858832663587544884447 0
216665779896998387881187774866695545915215791212225444 -31002
2168528418266379973685453292143344787927827864479936655 0
21817232163126334533384128721669772144447888994668999679 31003
218918454379682318899931675466776556757695174349224451 31004
2191271667228458511964558773165566567788887444443333331 0
2192882894546734453478811383866223339991194162555777214577 0
22312812547768214883874657727165556658443334199917568624139399 0
2262266393966678452657854844775533337771181999112251443589881 0
2277611625157255596657116612991929965924444347737448888888 -31002
228144536749389173476283441336668371881799996678422795 0
22821528717496327754356555466986188823358361946739794443721 -31001
22847941176577896416551175216557682722661852889833339934443439 0
229583239787577338436159214445115794791985744888392231 31004
22975317958662543481312546889923888967762219931335611657775 0
2318161179227799374422393344934771862442898867538891166 -31003
23273748228883233966754511115772544866217734169996614995589 0
23299622331252278146377739458598855866544411163384589949166 31001
23362241999584285254559445729912785131449887666116717877668 -31002
2343568339548913648814465511115669943177688565377722247872229 0
23443418544621165812435511723923738925374791755298998779 -31002
23474683897988633844388433266997676612177249911227491112 -31003
2348976823398676999174616622855328975455453251127878417613441 0
23498763318623584764436674197583344199919816878769117 -31005
2372839643337743536589889616717797441299441861148866915 -31004
237838929254559996267662774345988739383344815442185676 0
23966837567334451775455621144249932881766865771343522289191998 0
2399938332674376461224877947522665555563437788946111481998821 0
2411212285634822843581187995576143667932886767995963957 0
24175176245513224561566146112774525499429969799677888888 31003
24345833478962834176519882443433275576 31012
24388417344375666512111119767758753897422442828996668332 31003
24556698138144272234536845334147366988835587772111991 -31001
248955672186792262881117837617555834658443344132219999956 -31001
249762333931296419933554442674932296675556268885578847 0
24981875296889749122288147566267664778793655251191444 -31003
2564281633885922451891188829516564667613433357777792547342419 -31001
257334655993529544462799173223143979115774543227111888 -31002
257736593233142846659519418244776554311226723688781149569887 0
261543597711243935816332258271173327966559884444217869 -31003
26156978175435118269222543544666477761911985997588887492423 -31002
26161876696734224331164473526188843441983227555552199835 0
262997854997516489225455522864498958128666631333111133487734 0
26361469449284885187211295567541228777 31012
263623366973545771331522794622213697588591888615517718999 31002
264179297177925322963983932332766896855445555444476888873611 0
26471363112697767765833989411144764246957148899293555538385222 0
26632635478114978395445547744988522366191193327155972726316 0
2671619791178111599498544979332552577734552223438483384 31002
26746738174771918774234322886211142331666634855555545329899999 0
26945949466995166973336155773834792854144572778533888681211212 0
2695411928759438455364491684838879779769558532227646276332113 0
26967666129463578178592349879897323389246341781218117442 -31002
26976859933175416493996649873114225568784638875784331141222552 0
27123499465569241355525993337811852144493266666437188819877 0
27139433773936549971794495926155584114427753182231626 -31003
27156876934547445583188623387486674994827337225699111115256 0
2721636417729825349921414229561998339463188338646614887 -31004
272867615278923449722297537497351653343116999341145665 -31001
2734277994544313452291723483174116665321139956555668967 0
27495344425378661334616423121211932892 31012
2752693418124799754223859555733119112844317796669323658 0
2756738239131565455198793265669577221288689887329971144433614 0
27619134853375983654456799765568835324679769793221141144188822 0
277163921811478123733698884788321565636624443299295599545456 -31001
2779116934863367345145937864557689771386538899519641851 -31003
278312836761277593355958187214436638847786621119622355445449 0
278676466853363652125552221424765733113953489777918118884449 -31001
279422965969273134468778859774824212978855415833666593641511 31001
28122975989169348261189211865122575553 -31011
28245984778939988443224713933344228776573699256781665551566 -31002
28321444499982669513663478479657842663299223877788733 31004
2834212266171743223411377997668755681665448912488897335534 0
284229136395854555923728672211991677545637446671419694713338 -31001
284944884443722283933318121117919991392552776438656677666785 -31001
2854638717862773452288271989771153326439963385619629445596 0
28611488855921896177386677632281134439993176679325273244555445 0
28631391676698755132688616379917212833138778722529955 31003
28846268664435835124362554488334585563116311222177917799779997 0
2887896466613818977419323367117932499662219881322435547744 -31002
2892426313662975892142755689955933686523965887777781111331 -31002
29182496753464474122667721948899794961185555788865625711 31003
292343752261891867342829946673988811476763243994677834 31003
293154293472714486774326666664139788198881223772191998 31003
295882677778438697658347883597566444224114652631112321193553 0
2963444657935546613372195665443152263824228877388759877811999 -31001
29644397137959659339937354772766711122143565624556244211 31003
296787283483987922918896496181191447231132434423376775 31004
2971847156598677185549959874994374532522273224133488113 31002
29875596848849894599764413416554912755821767782227213 -31005
299612628518295123453499452278188471779666334313367476988417 -31001
3113665487654667844534565779777865459431332222199322298889981 0
3117953992725912296288119988167617674433778354362368268554 0
31245325695966648795656632155442411121887987772877334498829193 0
313497531289427446299265348718638476968988397 31003
31375556522133377537886115364288812444419745719942226668 0
313914698324574182436338115739967872242797819922447166 -31002
3148464416987793998476669895555773144793322752556336888211 0
3155847683648865898743733744668374553456622122999719211121995 0
31575291281964559553129599111232233682 31011
31619788611727736688544146979985358877366433993419155 31004
3162232882288984163118122668565694344433364174979999771 31003
3173482591168745539431313364256666544451156822888822299779979 0
317527133159953143683225449721117755884422375288479999488 -31003
31793112712422774698971978433686682168443283431729964698 -31003
31945466153254495894146655919943365661177721887777888 31002
32122458949445341978558158872987229471789495233337311 31003
3219231683824123344355638874827977562192496898169779715565 0
3219358641336971929634611714544499714733596222662287557755 31001
322633874748341161211268477698819178772326299866344455359 0
3238218255464185889923444885511514116756777762642766273 31002
3238613328653966846954699564419429777822211881118234553595 31001
32461625844839438661851344122556533924883896112255991967797 31001
324923972122955455432863346978498514943298375785877711 -31002
325156434974394447155691523355711197224266231399972888668776 -31001
325792384684137974464221184489213332381998299766666555877 0
32619434135446244748117812796938872387733819992872219555566 -31001
32634558212374221332495694937648145551 -31011
3263989369256677948335455639299664154451713587787841122221 31001
3266984549368352345669554367862234243827727554899789178971111 0
327244422672317784337816334934128411115279966555755566 31002
32733269397541482419965162332688955622851668385951441144 -31002
3276693976299767791259791372113665441642283154335255145448 0
329175449438335658776447747887656642698896119382255599221 31001
32964164284441747116599785726135832275564277982511569 31001
3323742522473327776854643443196684667125981111612988889979955 0
3324157932275957914493555479325442868478922867337888669111116 0
333142564244225523558234439945666395777869882667777889998 -31003
3351642978697745748266828845322788546133447371112632551615999 0
335497397546183212969743354439594966748177227656688128821 -31001
33714265126775468956366192267229444535449277855399881183 0
338245625985264699566538987778895513837449193677424473 31003
3411464933192412661179913876558394899227744338866227828677 -31002
3412377428925288482883351156254387969992676775663553679441114 0
3424179814465179597655399177122379174344221868889552833256666 0
34263227535716477455124291346671122677589343486569153 -31002
3436957652614228753377683456178399786375816919985921182212 31002
3444448826632394792261228334286696969977988813317777111 31003
34446564451351116618994152553856776642223298899777278912889733 0
344562468812874487599976655793173345677139938866542852122312 31001
344622798683766526775529883994556277343319544511368749988211 31001
34477835666816556796612273255445191888117489912322947745289 31001
3451929742897857665538665223922234436111178519877597489813 -31001
34529332798624536445598728911966511495318745666778878379312 0
34575437928772132395724331664628884417839999272559811551846 0
3461888555396483716614411994363133196464288555998952 -31005
348833322383317614985984476216469944677921261212918976 31003
34893215737577212769855154224771153435334488412299818989 31003
34931317256281812744611199662856455336649774542299378883 0
3513373588146233638554268551884412875144614262212966 -31002
3515787158426316445881849443339718896655141996793792576632 0
351968317719899463936625443336455576615788747849117581894 0
35492132172968655992334429598225781143348945666518866834717777 0
35538789794798972199188152314272285578243743511329513444 -31003
3564712754662776615115898251323358587888122993177266933999 -31002
35711868143933321173775656742444554719799886631969896822558 0
35721191311533234717717925544422254495954332778666666888998698 0
3575522268999894995764554476718813311267322619443361267387541 0
35952398791462455763418453392887665583199776131114887 31001
35965654781327618893466583383128173165177996815599229 31002
3597998252494443677625599467793648714567326518852623213 -31003
36164241817587631893145641987782233386661839944222994 31002
3632439437564186699628758399222457878899843445536776755221111 0
36491284695473863761244993592878771312873115553545988471966 31001
36544579993385678555886834368446938247753466111199122 -31005
3654987166571896266119839378787788796555344422451394222332 0
365797664297718945445646637977432889949128228831118555531 0
3661716343181711661477893989987789522927223955448355668322 31002
3668796866342554215611739335875187994457749392211988781543222 0
36747426644613155784913249321224937861969928882 31005
36825829224337812887935597776666244879285495457933431111656491 0
36854721926711986289662462935245263477797513319181395788834455 0
3689542534418449211993677712338892115566733689895851665442 -31001
36933974271381724864155124213622448923153814886997676655587579 0
36942667597666698519921744115521158744434777925883353122338892 0
369683388386676125445699794861245248425543353592227798 31003
369995724936239556647959357712227188332683446888265747 0
3722549727795185655188957999311775466666644449421133221 31001
372522786341992488311323221865569967444949967634116315 31003
374912426569759679445617522963555366843328437791379422 31004
37523858469324819571994747449323387611437667198689552222855661 0
3762186766763482773311746531844829611343991498988472222 -31004
37625484935764455566315383999466364345777711272191122 -31004
378222995946261479935219554254766852779544337311864138637116 0
3785864439675115725867567755229233822999732996133188686111 -31002
3788645342122423336266753347941762288969688777111894419919 -31002
3812861973732334112885429657916824447742271683381475556655996 0
3814177969676682399897668187764241181991733823224443422355555 0
3815328267897618773311963151148499667675558524456338922227 -31001
38174256974339968896677899233779388622448637262442111411 31003
3828773433944883433544771291626947712899926661161619887 -31004
38392198688893299111191354154339484422474873556722725775 -31002
38523181168578538516876796713917983679993394452551676222 -31001
3862752542436744663551165232232716651143447791788859931999988 0
386383385445859558761151311248622861521944662233624949 31003
38789126849998232233448962322637155134111641644877796 31002
388574297851371766824441865662337996422288554473233176 31002
389214794987428488976364977187669982266246411725133531331 31002
3895946219728967322297337285398886396687344126167444111174 -31002
39171911756998246588553766544349447688718419187733222235 0
39219918867451671252698416322997337621772733958881544438455 0
39266254158439544788146448666611119157992929888522525 -31005
39281481586347365687766379116439996222455551438588997773 0
392879758341988219226177567341811333386985966662275551 31004
39471265876593577664267454436861335517991394378811885492222192 0
39627412756934662885969817784964742556988783553442913322711513 0
3963457197552328224712633338224457798896685644788769945561 0
396489261228685774153287629442284944661117886117795559975 31002
39758113849774267251359129889113317789479354254266585448666623 0
398113496594566779553429774192766388861694155581183384324772 -31001
398896178275495564567253134682266655889911933811922241444773 31001
3997386154841445449456772916772993655372588688522339362281116 0
41191849234423328764118576355633566788763116777244558 31002
41371625894655235167223989959449638877521631187621435789447236 0
414424291675744595586877336114566722292655692997791118833888 0
415199239812116748788225331717886659829667755733562365299 31002
41587616728231416452264522544864927768 -31005
4168477953857816659794423254246582332966465852877811799339231 0
4169751432239139465398464469259413229267555336211651887777 0
41771956879497712347993651144146623339839222415573656622 -31002
419129539434431398765883329991142552387477587425588127 31003
41934565879979334458683476144995533677359886671885761 31003
42123756631895433779622611545455644325 31012
42182525967181191711426733822559558853726639934494433 31001
42199292288764766721699419192266533361873443484387718 -31001
4223119218896934836166887524319787911442224347787366376 31003
422963675266198229975455543335884323624119546361119418898 31002
42336595655721926687177631596477365581884411498299943 -31005
423648157619441189866746234871864798555532962852571779 31002
4247134468299482761311378674485235522233515538579991197889666 0
42528493679952265518118142391427599876476459127671673356334 0
4253598827865578641341877668523431562291147621187725633443 0
428638186754619235192111661575577797439887996564234495422 0
428763837768829934437227663626627481113299311444889919 -31003
42956587576423331472232445747735228439583887911911119958 -31002
43138729474461998426883571229918838143246297293113667 -31003
43222546914492857266872299881447947866655331788765591597111333 0
43269629634855882229263164354255899884916111134367794358157777 0
4339348381334356618854157752178954115596661669977989778 -31003
43427385543228188967968555323349142928667773456996789572461 -31001
435679267555173545588234331922273777322998698998111811448 31002
43581552926785763578199552233981668767737296112313261889 31003
43586772678534325224489981957419664686623357787224331118115599 0
436526553995612466778895588422352346994292898813447711611331 -31001
43798195896428769439116786494394687555571733676583481511 31003
4382199212293114491574499559371172448775332332578885566 -31004
439848347746333337616772669299819426627711948841892812 -31003
4424537671687776633857753449888941265533325899811452122192 31001
44356338811475637166688799194554877541336736554222998872229112 0
44364412582977728346566635557165777913364212235388989211148 -31001
444325371376882136175116633955688566355189999142224449778897 31001
445423764672215816612865779266294713334429377883389111558 31001
44559276544672777174433339478582285985538231111119938829296 -31002
4459117656914663691155912232354672234432342316879558879987788 0
44599991769847646585668123355748186972326153288415773223419 0
44713785422172821332217951484463355558772345997911388899 31003
447178775617238356146844692697796881349319169813922432 -31003
448294499673544295348971887725222335571278899785533311111 -31003
44839913586748513335546778884985366675113764571611479222222299 0
44855976367521927772566224752984457688658826844919933 31003
449183124635351554336371166664588886153449591789989779777 -31003
44928725996328464434229242138753919911713711565577553 0
4499341232657833912549115678771417446889966653391883556857722 0
45198623321445622791939912345551314993878836542512477887 31002
4522889899891367799349353256567665554441663347843128777211228 0
45244979578135635417514684677192333343559222229978878891 31002
45328439287533655191736666446681124123322445771251999887997885 0
45346388211259624726956657335314318778965574436417798 31001
45378166235867456448526615699133255329112234821399899881 -31002
45396265297894714772155192122959552334 31012
4544856683791358764993395667815598731443377916945127882122212 0
45466255772244467698523361416795993491161225775231931 31004
4555389946795254236755712418313447668892287681823323149667997 0
4556154123631144263268775436844181189733659658222923889777799 0
456173411124468951327823165477985543166247862569593233 0
45655123162348598644553298448282238832435119197366699691 31003
45714681394444133882674781222172188667372233969996691397 31003
4571491834465818847622772398111387325199559328432772459395666 0
4575578123964544952869676677455269888799688741339111423221321 -31001
45838656889433457941199144259381266452298113385925223 -31003
458419838867228494474884613157765239337955776665911653939221 0
45872349357316378769128844426773662293244998616198811719235 0
45892365376682976551333875685944669274422198811112237 -31002
45944513385876643615796788335952761117699597228976413428843221 0
46114132754423211916939555823212236636593984447775788 31002
4614994523587332175284922355378866611936319147798818767944 31002
46178447595484726449882876655577799126665238812921139129 -31002
462349958482583685892537433552959378746722234867661641991111 0
462375931268966543395358995519116519668313448471888442222 -31002
46242453228444122849656952998558717766369553381116811989777 31001
4626412819749976627786617216794995412833391355555434857188282 0
46321628325823897979913412779286658876274341444336996 31002
46345219393364567337326578588819944776115476 -31002
4643376198553433979938816775668551148899936776711581422 -31004
46439423411993319556633499391782224542122875566668778887 31002
46635543881333854454785184481576877353911271997721226662269 0
46651877674844759266355439924988522368357546772322331889119 0
466716517245145125454114633333142557338268286688777782289999 0
46696366668191574987115388339312281338819445554944 31005
46826946521644215185425588553333192998311428833916642699777777 0
46914911442653231743327361277555522382869546586634998789789 0
4693623891388574172924539983544339225588879776641147527251 -31002
46943182295668526236336327744892214613388814499111989 -31005
4714987565674339826653744536544989966588591777892223331181122 0
47276589682496777413685779169882691125555446829914422338151 -31001
4732882386915484335555564836639932941495214227779967881111 31002
47347582444868313338839572775229553217898992417411662966695511 0
47417996849672466299646694238323345397 31008
47569465668355196998232274433397563284578324511827729984687111 0
4761798296531279363545773357885664468422254889673328542 0
47661391347412478114856457235532277359175253436166699888822989 0
4784969765513925384571119754334184577997195661638622286228483 0
47975775591399931434113334475666557852223429472122961168888 -31002
4817787769834733854488759174819954493521112333551992256666222 -31001
48255994549336764667555177447946961882859733933761888312222 31001
4829791343719729444156766516833176221262243361889987987 31002
483178849273989956553812476476122766919941188555567714322246 -31001
484315512932276623735442788611828882664339356446995595911977 0
4856484423236888479822954218211334693977663396995555777111 0
4866756949299957847758918836682322264798422155767114451511 31002
48738217569817732138999291425979443222331581315455844577 31003
48815916776117825167782587256618844722146645524549923333333 0
488857634471656648264299442197723755738233337911992662111898 0
4918967976235918829822685493649566446881344213322115553 31001
49239833276383337654226757556776575698861122998829844954441111 0
493891257899536886671377991175689857728541233114435222325444 -31001
494144776511639523723325562933112287624535456977867688 -31004
4954547688198119919441725542479973311732272587523388335 -31003
49558337812768956678378291997983225796442865464344367311155 -31001
49579554731867736892266544446889476655323321839738598792221111 0
495976152373499192681799271337773833251144855218882666668 0
49696296627576776443522524377657888958331322314445358889991111 0
4974961228491264921129871744328638719249715855588757556666 -31002
49794327658684215352553694798877897222799442466535663311 31001
4981589483371692198579111995464668332233284486552466125532 -31002
49878777888769977352836695542339811452152446431145132663921569 0
49922819716578131154328918132863772336 -31010
51262461487779462226447955566577338527569988811441192 31003
51282865992228831974761761765997612689268843911444755333753344 0
51297586341125899422584364548642411593312681882569663339 31003
5131592432551433912449789766635933225641199878821458284 -31003
5134145155644687155893216662866238439223449999121339888 -31003
514314491976948566456331918112229968823225533634869554 31003
514623865433466121122432797819465537965872118925543394699777 0
51592345768218181111727777963664322983235448999672384 -31005
5161571923723886559892368221528211884733993976679667154447 -31001
517391469645898788979344759968143447666552688771133113553 -31003
518619519272234931267397195551227663743991335444547724666 -31003
5191621617797856866734743764473368491185299892922322833855 31001
519381113886152756766579479574372642337888865596112222344443 -31001
51945155655114567874472891721943391999 -31010
519727631696137151849977685586983587116559976443344 -31004
519756338124668743228876933723766629934447928555411188 31001
521332313391595536758797711862239286688165587966442219 0
5221127346347936335355774663911181944199222889777668888954 31002
5227315123648863878772711549174338997934519282248513554 31002
5229163349816569935725344822244939816633627755951447887881611 -31001
52294394435176558874329489281915235157666718944889711 31004
524282261722873468785669688915734677682433317455554431113999 31001
5247633169854787756676443412333346614122771221155598285889899 0
5251855884395276385594617633411481776644942876221232787916999 0
5255719438689741197255886322783439338177992385917112425444 31002
52745825213455721554413163113477866679874236471228668833 31003
5287617594377187458871199933615648542549878231541232299 -31002
5312789477375155429772233415416613995832423958889921448 31003
5318775799177432317524447353233919954246666648881989651 31001
532464987446395612816355778715684188549997799823541713363122 0
532786648546497926535288866441233996984517722118997245133153 0
5357695571924833186455543743827666243328116214996777114898892 0
5362472565478191582297794443768338558771196632468999331 -31001
5377188636665185122316518875522662533987722811339977999 31003
53794681314514794256911567696677617894288428885335572214929332 0
53855936244961212211165484965596651773331448224238377687797988 0
5424676816726291119899167445777476198888933655542 31003
54263241149494494288633226262757777661176371339939118885 -31001
54317142685884497612777229762661335584365843316312997 31001
54476516219552717256779224466995421538911188449927676 31004
544965578517891771383419942287944111297666533488953352736 -31001
54548236285589594497669927497864335322513611278619261478778331 0
545575174968737223442277557666642985899922164649888891111 31002
5457835536748688579743366551232779141182484741226226968119 31001
547139422486284693944889747732533116655528225358813999167677 31001
5472913186982992911599768665161132277872233687567883355 -31003
5474762115344774563564925625292283328856661119177748188338399 0
5478498214955526214655547221233333423388148811186766777 0
547943961186121822489411531666664799233234957978852754283 0
5481523734415596135974216825481322288828766436777134356199 0
549198432518995932458523441846336788655221499666682233111 -31003
5493134673346545625697595587149994781186887838976761411222332 0
5495316729643647143366377611143689131998878788978922244222 -31002
55249964344637731563922335543117722546776781184921125998 31003
55254367494461246686138797744558677563322175888132332821191999 0
554399444476651477698555573776946332967222992282633888883111 0
5552816779344118595538739731925888221444482399232177943 -31003
55528367869555941641566883419922162334118376498891922342 -31002
55611993654723842668991439221153232254449643391166855 0
556487191976299952888562215959468147647788256747611144 -31003
55653499936236566142913522257814635424429949133611888818 31003
5571963518392433744553924821363251676978828788576699112612 -31001
55762686641338777858858767564274228916112219933553332999444 0
55926425335869665343379425353866988899614477149411178817722272 0
561334929678991737577595612463533975259732188686612221 31004
564132679838725447122994338567662774132236983768998144981 -31002
56466755166178911523431877292254433498826761774545139883 31001
5674263171296796551958836687612223798859974734834491811545 31001
567785847988525466762316638338779844557443351462932111211992 0
56787637397778859833249784443666222863216993225545895495411 -31002
56935661554623324461959919899553442237432223148188118668 31003
56947358946129785599775621446576884441116673323591229213373 0
5699897881699175468732222364654616287555223494395813377387 31001
571589199411432997893212235688789117454424337584582237 31003
571818496376572665862383323611882927552257785199933979 31003
572385619429193487677236889222334829165573544661654977358489 0
57252722577423681946838952185593314111734443546621868877 0
5725966482581293264875129911335882643843177734342671676 0
57277765184363266895549599114334888221359222947665639837871 0
57525523149449517677897829922242148551 31012
57568172392655253875539662367744992473327862988389681911111 -31002
5757551331977424398684429211225988611225334644395791983666887 0
5765244831498911857644888423462212231299119776696787679333 -31002
578631589924557933246441921785427668446552226688799118179 -31002
57881653292896656888753223135198155139 31011
5788266543883463776662875529223978687443275325994999113445111 -31001
5789898835523255337838822712927396521579666639617719614444 0
57974987746375667742232235688329981456832838111191516624 -31003
582584781387585568413419462333138466674671356522242211 -31001
58261299345125575343969789933877311731666825577966112228 -31002
5826431794336932469266587163443322111261799421777488975559558 0
58457623597718359386845664332276993593677119744425246988122181 0
58561822233336323355288568679696624552 31008
58572821553475629334344615528223434439768661126168779989799 0
58578963761672976914724526112876844794681422899981241 -31005
586334971385827642673333211612221177486955769997685558841249 31001
58783251894619289679559664983569563324624577788734372211314241 0
587946329772522634144733266559988816448545591113193878197722 31001
588599772572199964618839663633845449842356615538422232411 0
58878462799654269911975532623367661955344534339117771881222 0
589413431874388551683986735238551277631151229666796244 0
59132628746986576553578771923855798624446844638379322 31002
59156957981943889364589883378455935777111312226667423667144 0
59197178313993865633921517825811245533746829597288262776 -31002
592389765855996177131871988665112144355398922244467877632643 -31001
59273447217683873354367665494344612237971622112988168991898 -31002
59388493796167976616477661511591519953285534377844338442228282 0
595519112996341992556472434227655133443323666977467288881187 0
596934783655442245242364535422378999395798877823866667871111 0
597246337263548842264523311944145587678399925776886362 31002
6124133472423925535579144892595427489977817278666693533181188 -31001
6124967885941759655449763426599922611255677228844818778 -31003
61318731158929652222887685578475719933372953723851666 -31004
6136948778315698766677298979931933673432111228828215555 31002
615816344263913487468726882263113918795555534567799744829137 0
61632676691874122366771139799177444988981394338842222 31003
616793667134289842551887472344336899212287774624331186199955 0
6181239765422619587431123455974565523349747991386888822766 0
621419914678619641191287697837867536922344744372323283 31004
62226683222143828835591434881198336444431556617775176559797 0
6237275449912888822913762231189633857665576387913569144449 31002
623862666323543927227145638924499841443378776887117181 -31002
6238717226617795911486755826385556622359913887879112993 -31003
624526562663113454555447119122928776331467421789359883398 31001
624585792936487877767179939669331962622554453454452113311 -31002
625164387334298743775273456655885335764427818668211242 31004
626576618947236479351197334812311414669942722397938888847 31002
62721336985412266653331116168577885515952772823878739 -31003
627676357726667943614484311447333384122127922998999115 -31004
6285658557347651881773672882787536999992544496496111441 -31001
629964494996244826374986657539538226435333221155577778 -31002
6322329164171146195566233333552696515588192298944988777778444 0
634573617189774544983938955698872949477324125682551811313 -31003
6357149247926543224444666927766533778922995395885337888 -31003
636616542387722331452157738861152299973597513867256199944 -31003
636632991187316222145233651196312326788945455775987877 31003
6381893556724468711469165581699445364551222189923328483 31002
638758254318576883336629725231558679776521172998631299 31003
64169454438782627138938128527655883997556116743153431722267 0
642368667165171231183394892443177331924896267844828729979 -31003
64343228592522262441977763333688145553451111587188676877496999 0
64396593486665768717177878311424868148224314755559991533322 0
64439487437521862651383576671416639148555478818715799339992 0
6446967857417758914426696111291991492224227885578578556833333 0
64543198676635883379871166544385612551178854449779971939232222 0
646699431478171126328388627227199434481122788433399966 -31003
646928121681171697629399739587584911843225553655727673438824 0
64883216973656615642713338746911227797312232554754889155448989 0
651467191113221578123727668968845776732689958855922444333 0
65225281795317332266442519782878899778 31012
652285663465598588221345214431272317418847714733859663997999 0
6526135245176828419978853182133444462377663342882657159 0
65277593996329533732214665974773314449 31012
653839547497332377352516615213576866522198899886789279 -31002
65399493313255331673445985828821869186681295162621524 31004
6543273665624477591925916677376952289433358311244428851198871 0
65456916414416877998747747238998899488173311332216626 31002
65465125177185666223444677554713447782596919988882212189 -31002
6548288482919238368416686133214252573376996114555293544991 -31002
65511756863434144811979455994433997338228785213221592778 -31003
655637935915641599962832978144664496512378322253243471178877 0
65651437255149341366585579443871779886734664188313722 -31002
6577984373388568491991565781876537754453182349366446199 -31003
658158559783264452397787277323122588865337996994436966441142 -31001
658681474332443396126552234277561594426699321135511 31005
659295669955612142532218133955982887726188376693778444431 -31002
65994783514614518675385144766616777894455887991331933893 -31002
66193551777166311874637779834415989649559334 31002
662874733346344152866557742395315112412465129899998788967 0
6637223179284542931678623224447786993733461141179896891 -31003
663731788689453368785988373754377155641299154451441999166 -31003
66418387127936886871882492371554754743719914666324133222555 31001
664675725277984568937944274955275583333994391246661122111138 0
66588982661974781776433225676375117224444199988919841223333 -31002
667447266174785859938632441939181187668997227143222894331 31002
668364436722933344191932555222455995667743775114861119288 31002
66858421422579955911884158977229332889154414 31007
6697639656997936628417874499754432557883312222324881711 31001
6725238691761592366699445762339528517887388189592231115377 -31002
67258255651128788895525183667813912237 31012
6728861775743338775374844211215568966425369118582221996 31001
672983347334598691159864441323317744995589166557677562122 31002
67327639544393621957253564448751483398977656869972145111222 0
6734395733645774414566797744356556356121139888888211218999 31002
67449329396824979772663214493371772361441668835559111 -31004
6749619816124544632393354223598759899511884668655383412212 -31002
675674741448911145884419665523357787625852366319799193 31001
67573462731981569839364424441793774769198883386869112 31002
6761669314213174511349222297888926924874986485555964815 -31003
676253371198939943352332454446527888779825998111115272 31002
676649686753896619997444359773474947313288833882221112112 31002
676827598772922897433185284355666257991583875612113339161 31002
6768786647997998834298997187116623286255442525545337332 -31001
67738848875884454144283455266322256166111119655977779999 31002
67912169249922662455687984487877588331 31003
67927582797793411831122489668964329359244113144332778886 0
67956593119943368135576933634544156658917497424821222228881 0
67968165649431663658993338778114411814297883922772935544222 31001
68178299658997796629666431172879434378 31012
682778576492299389666875684967499587872412455544121125111 -31003
6833676635778599812734334437755656675588824448149999911111222 0
6839548219768767599688297286781391166527511791345223253344 -31002
685874557977592886666166417995473372985521123338112923 31004
685962225712343446787588545966822699554417728186141911333 -31001
68623125286614157943113445551359522997791697828876697343387844 0
68627171543566863115583311871899766574459788227593999232 31002
6866234229953735876344422968777555669154588987847499212311311 0
68745598715185162267283764344166522887755769999444931392233 0
68747941241344567719321198426889466221166592582597789587335 -31001
68836886631476913525338555492966444142185312994381991 31004
6887225691182311411789623346177522344495499737275398883459556 0
689465999156332967177834232266388786291445554388552711 31001
689993118748391984938153577614884937556666657552213423422212 31001
69362559542682648998924928733329556156341387754434286111181 -31002
69424344941826886231974199555333358459832677765665181 31004
69478498429216722235894131444976911117695276266875783 31001
6977268584212264579136729332211754414768885544358899596133619 0
698544875923886791953945898664477982334175564112225323 31003
699356873868144187581334367999154664865389222237717494 31004
69979622327814352633788977111832342547231455666986444991571558 0
69986143118429944486423921119538841368953555865665322 -31002
71113982197523599677684475561349655768346634788441331222925289 0
71121911994344845681432614977863324869278892667967283 -31003
7112329386213572827744567595422966488388355598967944479331 -31002
71143472532316338569568911954458955942216778419224676633279 0
7125357877192895588337911111469963532282552238366869669774 -31001
71275318546933553376651632755177881788326686922992918144 -31001
71445652198122118643448818354886632347561692329265553993997777 0
716528383928823388126866577716914424457755534332194416671299 0
71717787789626646276663341144989581991 31012
717232779439431925136873315655944588955828842277134289 -31004
71763537628515566887432446993413622545511962223998898314477 0
71766412387735692426413398314398811772613668249924297898 31003
718223429695783363842977797999884234265565755852444181 -31001
71862152547827792552999734344551122933934337945478811 -31003
71879628269277382345515664161355533265733674711888244 31002
719755762234418983281571434468664258899229167784251756619593 -31001
7212469221633583457144275438655895867992238344156711189998 31001
72182217925489891188554991175124747799 -31006
721864785977565568892512399228533885733273297113966191661 -31003
7239399492336621299896545443687885776122533776112768881115 -31001
7241322918461334671113994995555767733499471366567884556222 0
724628599312627845676631449399354553867846987533774598822 0
7246547192899946773739457668865327253454549889686513323 0
724672892182775296597188166129923745558611694469175588444 -31003
72479682449626691287885996223838832974446631343397771 -31005
72587636855215339229662959944511476265443179726411774813339 -31002
725883573413559924164832347993347722915227554871411189988 -31003
7261734521422111353218774433488853276684521545836668999956997 0
72691845794384659458363449331231568229112462239685556117889777 0
7272691224586888155227334344455925448538783113139911999777 -31002
727896577711239399388255274432233925446666665173114454 0
727945299977936765349275591823437666123225115563161888881 0
732723563719221565738776343169557888368818619569112254444 -31001
73314545517714865466129622896448933234715518 31001
7333583546419255128223199237899188566785119621357289676 31002
734899874691976869877385385315947252595538372344144221111 -31002
73537786119569619973311244212655449977876254193265334 -31003
737256641314512543352351223244118877137575266447889986 31001
73839623367785427748842413244865555393498189175122251999711 -31002
738656297843966124568677753459719215724346133222935459 -31003
741517884996322335655777442183978914888379524994111335522 31002
7415959231113878773335528689166442223217666629958835187759 31002
742439268933979689887662774323386682798239621745541141111 31002
74327613462522852762132133867169554398865311185944449758 0
743951682263669996431668291779973134441374324755578818822185 0
7439656572415544213923451322825335377724947989997118811 31002
744341256636981274395392774971866934142119933126772268 -31004
744377594737712744934592461661553926631216965199235352 -31003
7447562274554448411116332862153227566632757331671998888 31002
74495832438844912417131167533693142225616975365988765998778225 0
7454744486982715838881212256333765342267786692337469959115599 0
7465276825977285586621392563174661123188852711433873593 31003
7477625842213956338934499868941499472886667336222711718 31002
7478126468853822662557964462774555763339428574283811111199 0
747887952599455912554744776662466749959668888811331332223332 0
748635978788657559372733862591519713526632696183182922 31003
7486848876285241893531134298166344261147777267625555159333299 0
74898699277896835256679244657899866817417221225555114144 31002
74965595855183262742881345233439899772753369211119444812776686 0
75137643162458447725792231595225189524866447178881933999183 31001
75161852318367748929331998319965511444872223752883492766644576 0
75188716227436566934999448871188334229121934124985553 0
75222884345731853354494875395568633889971144717971122 -31003
75355132587794931875711399933581983256 -31011
754613323533187211981224292234531884449967567655419667896988 31001
754917327824656952285219928698114482557646671764811384 -31001
756326442298982758886177841352676632558776434244511991153 0
7563283999747725492224118663966914111165544254729563333757 -31002
75756457291536215867643317722573662641844334322491511998898889 0
7578325821988326932223379937824667766853696117111555851 31003
7587787836777356232338866614699998964545813932244554492 31002
759254368194998576773233122745482985529772838844343519 -31002
76119757252134223213631672277444681138363489744889699689 -31002
76251438465577657823547322479938885435243384798119966661 31001
763227355121443384536444971122977955974736653886698561 0
7635291477986811752663963473446214678899355558839937822445 0
7635384656622419833112254294317511332556652677914447888978987 0
7639497183253266914565574437211312369932221178896888897657 31002
7639612978541535339762667869655444988789787844915541333222112 0
7646866296719987885225578816747526133152343312124437434585 0
76523949273261899455912433267899552288557384411484777866661 0
7662787728568864543746358148443377299864119116993339915 31003
766615557344653615534465887761947184499897998718822113 -31004
7668694745248213867288122187633814555534432534372611991776995 0
767493521658266543154331679344388737712654221467515199999228 0
767693645788358655594784412772887114664856495339911123313 -31001
76777429153236582913566427226126834594516889433438549 31004
768313197854591177222993374669377433981196668155444245 31002
7683873458671493658111426625827552193588212417746645743 31003
768792225827338772679713633689443244886215991118169965 -31004
769337831219786286791158622377462873322466954458834554195949 0
7695275525771262168225513468613433665111388737798999988932 -31002
77143584125644266533777946569165422457159672111333392929 31003
7722147423713561772442294781165894529994115 -31009
772317552134462246662471737734121141395543236655999888965988 0
772563683663295613223215516825559276388779318111788799 -31003
77281448421187442771722695322355851833439754533518891 0
77363286722664174233655516547136173178421991855358848842 31002
7736566968571183248427735515421954111756683346972243243 31003
773816836176429647624433614346795588899988149711197335555 31001
774371486511359557395175338934436117991894974588666688642222 0
77445652613879137669655866134422433511247713459179888 31001
77448546556617776318834544848855859673393733992669992222 0
7745294181932653711781133179227445298874345884599255332 31003
77476517779895894197868869188156153291516565263923344432332 0
775952991824174777215515983343933711222415526998884434 -31003
776115565698558186667157369588737388733334444214494912212999 0
77745422584548557733334475374626811119933529999981118 -31005
777799297129912221122353168761359641333555436888866897856 31002
779214135968911538698524495597344859754186664677728186222123 0
77958668951121584379969889744421196135475416638567837543 -31002
779712684583459474424853553986665864562377722698332992111181 0
77983226397995186563776649955444722454465516793223213113 -31002
7811264319852367156243364441984667233267718994392918279788 -31002
7821818221176334129896475373552911756877855238544443234999 31002
78236829869987633448989399627776355582 0
78322327955982838862922789644775815643315761131566699 -31003
78338124899229755943321444412747235335299978778588111 31003
783613245954216532257829228896938555776117444379933441917188 -31001
7838648614619839775445845333656621883563455111779999174792222 0
78414765354445592361423374575512982383391192216698267788796698 0
78415669328735872633144966399112783678955435596519814448222 0
786384912162799343331127271689944224986326163777916448 -31003
78754981827749224431738815844259962853395523995713243711 31003
78797729942181831945693511884189935571222438225734337 -31004
7885319531298647689952331567122193782795228819355717366 -31003
789255466357335696558273766699881444491591922432334787811118 31001
79236216786812457711559462242888972588996671476333499435551143 0
7928521158346991495536773378881518589453224124429492371773 -31002
794554479383543741639399859432347122291866686786187682115 0
79533324869875544556444232418667761686255333998828112299119 31001
79693317387222711866777416111542988883232338664446999955554425 0
79834693469214999564422232235837188382311115559165664648587 31001
79931715764456117661115955449752764364823226328233472388889859 0
7993764577924265355976888112294439931347544532225366688 -31002
8119883567177934465369999634792243514262211788876123862734455 -31001
81225643872194388543435511185916798167933427766896376275429 0
812317779746377886527295145446622963359523943966355889 31001
8134837827183692343379788824446134122277662555611461699755 0
814122997669782577117131165434299633229273457594336656545 31002
81496235592834675612678326434338719544781759988262771611 0
81529997226743377561379733127566431984112961488298886655 -31001
81579635248237786847667477455551596622188826241411299499933 0
816189175611888583466747745711969682645995424499233223355332 31001
817296894357889736654993943241787483779633668624421155555 0
81775698224355981276422422866759941867588779996644114513351 -31002
81782372315616835837348784877233557955519669111444422249929 31001
81799884349781192325885737754212568577 -31004
8182412374961942789498334981852584619724597613133225676757535 0
8184579537917313331122444719583377648666756622228544889992 0
8192761838688271999495778222181654663675334299555543443276711 0
819282998814395467918537677698333227772843344566621192555416 0
819653642558944147999465568677333352347976649512213121182277 0
819814265876421573288784799722842999544772411915516665 31004
82134599489176444974171924659353389526726723328688325558766711 0
8215399958933681167834221444492243566148169217763887793 -31002
8222862398371982315663997665551665782737128559899311317 -31003
82251564355747842262318866833485458994792533327666779471111199 0
82317143225691139448833128796287782865912447336664769974 0
8239712193476595486665587344211732326566452148832348771758991 0
82571999388596348125955162668823311699522662185331344 -31005
825976126354553444235859161178659619169634877447229977182333 0
82631721845127884922469774698559991766643321484623313731 31002
8267739636664922635232253914587217899996111775337544455 0
82925727393546468773345988326648788761676415222343499955591111 0
8319517634635437716866911245196369888722452258157877234449 0
832212588698298199342513817766582266969337771759367315 31003
83269927815388341242247265378964463363978461111776714299 -31002
83281143311563342569855344497322766217561155489966492789987 0
832822355818864486466943292313345511699622446998111397 -31004
832993293697134262352138351157781298817169966766827875555 -31003
83439255898891542338966928833546476153777765227211972416591164 0
83447236656342122536546552439963421624777731189819759759888981 0
834974322217358644533923754141146993889661992671551677786 31002
83522785341655882226274198533594677417829991667448471169 -31001
83585827378234922433644132215535449556868842766977119 0
83629728274968669779464432833876635577389829492411112355555411 0
83738513336988853788446557444665759662237226999517711222144 -31001
83771426563454496238933411555978952532734677666188889799411122 0
8378961713496697916987755975169888661235113833532444425 -31002
8381538883366423167245897919965661293952269287725511351 31002
83824737142164593443511224977373316655667765541988569288921829 0
839141761258234438347593137747112299988197748843655669 -31001
839254126748958986792488354365589765465479411121331367779163 -31001
839467241162398855765616644395577587775126122228843334118349 0
8398887675442955859855591331297789917371176666443133444662221 0
841616114755543788661772973294299334489316697431869728855 31001
84224163836466396148366583484437852319871229977299925511177755 0
842777654486676779712885938655316322143196999893122328 -31002
84281746558257654898677881193657445674579264333331136221212999 0
843523288444724633574533452395552699889661776788111176799912 0
8441451766554485423495539578611299278987883363661226911339 0
844986667537757788168982132556657549962374433223511182434 0
8451423618652343449543364668627989211356355598128211992 -31003
845186979322143129487694398764886771867447932112396632 31003
847828965955588428744493512284332912774777235539139391 -31004
84945447895755554593881237739627628633997726892231111112443 31001
849683512561476488451737788336711683475344656599193175922222 31001
851188665142455117678442772596356251673321796329343749939429 -31001
85126115464315593394699998115536134496 -31006
85211436725885359624744555774433923722766319899788843611166199 0
8526437653953499519356641855428913433411668488861912292 -31002
853532117247581933766228715625144443779339911422754885 31004
85391265455544449332217999519763756639334222276688777118411 0
8543646466389763997245551812338758975511749382248621741136799 0
85538965435833632338445477556691662969441228822499928 31002
855836874312146925365385917991311679214422348842559248977 0
857796614145442448455965711833899933763816778338751196659222 0
8592267949993833622912225464544335665114153457986883868 31003
8595575169819455932828859943228864433317232441724937666761116 -31001
85959317424858321787766544846359963599678834476933722611251 0
8597256786639376783553188666818177157399233442992191255 31002
859838456749346881963365577763214825222735439978445922976 0
8598533248591136188477615533753716371275887222444419992 -31002
861356639444933585594634956388435548928862226299772211771177 31001
86299449141252219563597487195275467291214516566647888787 31003
863622546492522449863766153328673312813141114489997777889955 0
8639958371764894587745431744219995888415533669523226122266377 -31001
864533456644779111862141143926655432915522889658992987 -31002
864742663733868876626134411144555339122579555394828811 -31002
86512854469893993243449498866426168839221162133255511 31004
868376966377721288586957796639994355551224444311415233947118 0
86969267733141311616598399222436691197 -31007
8713473256977891887656662499987798845519215661222534443331132 0
87148193598847548182156823516511344676533422676277574999692 -31001
87192437392122899299889161135775346315455583667621587784 -31001
87246844376183863297774635466121121963447831917238282 31004
87254981419962767677172668568231765282291993889134345545 -31001
87255735224143977813445666856849166643321153322514777288198 0
8729545791557997799434483512955881338128811147742322346626 -31001
8734325133649982944228152229867764974855318435557666197168971 0
873486542749138837735563242256722335446677626554998999 31003
874596496875133699314462493382522446652199878822533677558 -31002
8745976852338963177665233874447756356454468898531229111919912 0
874818515355597624678322766584678856213447446999279912923333 0
8751918823891245519431245236331972179397787755285294438 -31003
8752348852716697236384191129344443786998936648721136779 31002
87582464488566245882169863777991996735561429944522233517 31003
87588813881443487533644146569133477112 31010
87641342565446458196664499885612977775751888112153322 31002
87871833993491577349627883896117129696676831222314462 31004
8792488974947596153238665877151153339949344683176547622212 0
87938128936876142685766646443199771499423557843358211221957 -31001
87942457794971779764586444333315265188563668632219128531512289 0
8794594964557646785467268991747913452333375658893381228116112 0
87972643944618791893688921347922268268111337671763249344 -31003
8816378324554764624527749249871611988727642298633339111 0
8824675885718327967565564788136116112263373159237529939 31002
882621537771756551155922777256248823338866311968699193 31001
88288377967746955661478773316889941452111212295566595349242433 0
8832458475455796632343366344969959122264835568822181111991 -31002
883452843343264336445718883876695512471115219221762969977655 0
8846322865223885339657929971735336776668782127111955511 -31003
8857757477377866234556553239591368831186113891619922692229 -31002
88653261253685519733739338624521169941444188484966722512957797 0
88657928513421829464458241161772229699633138551344668 -31002
886697247243899918762454644477755698719911311226221338863 31002
88745674319656657727712223287886984114224499498991333355511366 0
8883697533195763767163337779985519966988854444455611122224242 0
888428344953575525329951572999436773724466662927473316611 31001
88932718923499595481551133671194433241447692267666625737527 -31001
889851769663446111357486556145811677582247748332227423335 0
89158712885344119682588755495223597432449429669231667331137766 0
892847739125832281654265564451176788551776378112244646999 -31001
8936714111911725221548655583534457224826629986697694988433377 0
894624532139864555639777674534395114418896767733221188692 0
89556774326589315688681223312388995773652253911277991 -31003
8961113441132617474455859369933961887746349678895555687732222 0
897321856177771796334664944441688932668314922818193973222 -31002
89756175638925566288813761115245318815669999332393227 -31003
89869813581885569447117165389974411677644796226452972333233225 0
898788334218234338895644722245119223797711735799951154546 -31003
89951344183981754692167663966122248244612923778877318553794555 0
899737837126116936454898714422555118844328223477312937655599 -31001
9121929974225986933442494451131746557668887685116332276887735 0
912567688966898888579975526764929677755512243441111333 31001
91336519231741133115597585524567339288669968776887762 31004
91422297637964223941121276456788571199888133449335477668685 -31001
91471969473554451848636628838223335211776523448875656227991 0
9162322111294578718639227728411577996664436457946589435883335 0
91669888678385142527438816512229746731654565574323244119 31002
91722594315112243213466354498655227885976666975934477117388398 0
917244234386111815717799789749749882246984812255332663335 31002
91777154511321328674423613144896622632263689894477883 31002
9185769968965728728919194167831843571155833376576625223 31002
9186982463575777297143223271155339889319214473519588866 0
9192441322113467367877855166583341143747722249235565598 31001
919699169772499322347667135241151123468872542737335554568648 -31001
9212777833122529668135739866771441849178993 31001
9217186265223731964133794526244463421865555338861199848899 31002
92219166678731169984784782759128877814415333442922666555559433 0
922631824363145335441122662812318319689897774478899677 -31002
922841375613966213682141388632748299174133969727798867444 -31003
92298967316572799377487736544393218855113385915566682681144 0
92423223843881139929955334455995761135442258668411677767667788 0
92425989766732272492969961325155331313 -31006
924577387733189257743994579442294113124328886668113961662 -31002
92521153912111143299486655758827632385593382988636966 -31005
92583972343397228133299427286658744568867443585499666755 31001
9267418183496727736693346899268689883255331552577792255144 0
92826758187342223354823455965113993444241969915631168 31002
92893386327491722774193556244448888397786734666962392 -31005
9322474676915576698856624477965332254533597139888414389871221 0
93259123564784186299881935984372566145162677713453988244156 -31001
932718179846518976551567692794323819117879822352235853 31004
932895997461654478544428828631299213325255456339116116386 31002
9339342568458915545642671155137476988432771224237766688829939 -31001
934631759446457552866633255228314433249996996111225877788787 31001
93469588315442743317998676616771935545 31012
93631993324771951699896647637555448881276575562884443873111 0
9366211792536414521161662755177799622449858888975794445 31002
93775448661144931581996337222155557611869668533443894789 31003
9382935666991142456662233388354498113499161224488125585 31003
938698292364593314446294192441173166239355751618788778787226 -31001
938927799298547853391416112444555224869761481273185356667837 31001
939934652323541229133621421611231755699579744665568888447787 0
93999665496338749354456651472125334436611192581582221 -31002
94132953299333885132972828865581176299 -31005
941629925596662121423727995884523334553964451461786873388 0
941738531638517421944228862455224115691375533499878899277 -31001
942775661825226971867711582287693271449486158856355331 -31003
94326884125839144118696614238211662998334683495535955577 -31003
9448976365291587889835546612891155432282341934752933767767246 -31001
94513744969986186626324874912769452331697781132224188373875555 0
94785747633217731211857799566663454436565888814339854999112 0
94876827596887796697613625229899828724532557434133633515 -31003
9498532261262779386651892229954363944113347781576775634 -31004
95112552799568432532864553119978212291144877879833383474 -31002
9516287234877634544499972166857323796947225821933113486688 -31001
95241369699344428766276443326988477622133285988977781135 31003
95278199355823667589552219959167862367233213788176781 31003
95287742314386294433345574487999952359113787888511711 31004
95358129487675558111874388379598711344334166677354222942229 31001
9548459559696757942366277655113322732842233446673799488811811 0
9551648795163899234517686277663324474774655583281194812233298 0
95519778693176119643133344566361445527324619455779889 -31002
955779977997691536644448796541263244862888551173831333628511 0
9558476846697334388885455177741946664993675133357181119922 0
95586634846549574663335655747822332961114192277797192411239 -31002
9569995252312635787444189142544337752492511112669888833778 0
9579355953289553412333934461854678222299777117147811882 31002
95934557992867186884555134392443818843799771133 31007
959836731189149923671127224418653621977558522655773344649 0
9622762247477565137931772611146158888339939853354622544488651 0
9629893297823776745317322972666835468996544751148355418851 0
9635237222411549932738819559544493459421153127177888366666678 0
963691866199881343469286877744233843927124859421162231777 -31003
964784763521453955287663569932256935336788817818799722211 -31002
9653467993481338716344399963216616874141488229855555582212772 0
9657596223769388759788128566524442297266591335789411133783 -31001
96631457245199854753233475711546684151999661498886383387 -31002
9695995192426334822498568611366274463314347935125258511778 -31001
97319963655366474446966883355489485855843111928319777222222171 0
9734888963639741766958965543356235591589767728871123112214444 0
9743618397556153392245377795176683297223681685588226919 31002
97482877135347118471378117426318565543 31010
975462613323266782477955433451222116147567965888944311358799 0
9759537126996632666127137288629129551944244774571833348134 0
97684865732314433529835499595546984976776764637221532 0
977297569989866493169568814155487844546733185477635133311 31001
9775514454425516881193792457669715911996677266888244288 -31002
978968576243886686155774155233663344559229832282439977971111 -31001
9789853527317876464448217722665997119334688611992864323 31002
98156848894373289256746332582334311551229125999446658 31003
98241213586911623314666229913964422881347433647778789987 31003
98341376293148755644466582215787933856 31010
98359153838764991944884654661336554493219663815115778772222 -31001
98386154892623895779933355885738227625166744734425499176412611 0
985348674433455977245998881236665568583494339922221611 -31003
985357493695462254493569949158733422388124881151777871 0
985539759324124636914555443133691644889197378522667878776182 0
9891558214374238235163322576115789667863358972656997892171 -31002
9896683351766712542288755459855118166942699481913227444 -31002
9913654378216422443235335617588227791386552746669779881154184 0
992179688532765991878891192573136448118335766637622732244444 -31001
9923195669935882212914433155698366426452883145811428547 -31004
99277172818398298553196693311355983311585757666776682444442 -31001
993188447618367788677317834662765861491334912135555454522222 0
997866394555218293553146342987766111882433454587991747722 0
99787659267743624292211272734438161176 31005
998917132364422335883567787266332245588721558999951666774411 31001
