111356497417465241912666891682332344559788933239 -5
1139165975291752746887441464319336689392474878871 7
123739478975777388318398583397554652268511259246 8
12553449189891439967442387677919541754118855587733 5
1313479487433929372654658239775255146387967951921 7
13472328883278896431691998897133442977444271 8
135878551992938941852337484293845178955617332974 8
1426329471382368773639894961266453543645488287877 7
14393653844235246379233755977778452997888 -11
14623864891185352848728334224428574967113533766672171996 4
15412897211297954189575319649968227855681688454276326 5
165112258356533782884595985269613841638626979322 8
173455546138991822111186759996277328225993774 8
17378277321229552241398389247393371158766144454695 -6
174712114588732316444278556659323224778676642186 -1
1758228825548967729513965371679339498697681332723464568 4
177588424888572976934174935948772826445331111939 8
188853459149144793777856672642919528391284923727645 6
189268333299462997467291277552142187849156717418 8
193658329422686198924116794395667677112732314239 8
19511332767664929151664517472424533972123928536457 7
1989174527937477824959745248419867262586145293265 7
211783239296245331175568731788878772691166658625553 0
21679115825483297658717222218599973878373845699314166556 -1
2171154283688963574599483373825325562894774961767454 6
2319826596493296293398497212442166375877441117147 6
2335394255847337641588655158234843144921926119918972 6
233867156822299637819173383285341115687799195796226 -3
24448754227486226128278811684518734656651 11
2517925968263467675592662136827219335931783713945 7
25348131489884797779229923164171166924373876312963 7
2575774471466657649925869871445289997518226224963 2
271696954962717522924752168577746593491364415548 8
27575675383623589751756257329614841832711 11
2995542268178788694186798298659194573514433122351 7
313497531289427446299265348718638476968988397 3
3221597936838993859739671817137139872724122412455488 -1
335422774339883972798728128887134446429395662664 8
3461888555396483716614411994363133196464288555998952 -5
3513373588146233638554268551884412875144614262212966 -2
35882191492867131685729943687611944466697239375377 7
36747426644613155784913249321224937861969928882 5
3751266939398698822263586769379814863385291471252 7
3766919329278895177122291977372684819828864134433 7
383879721286122151936565664255269553689318214839 8
38869699637715527638967469115255887744337864 9
394732375621537461444312844621396787827122319995589 6
3996121557611337967611661249935267875394258924738575322 4
41163188979699378556635499987663127177883622 -9
412753756133732446149481913338974669749669178698 -7
4181571523433616829436645966933638775522281145 3
419562978499955449971368247211272542841118323373377 6
42471124986635679775845649317883211977443232 9
432368328645759624358779521856498231182594178471149 6
43976253594472243946118222976896374353483 11
4573738958779445433613969933866578155895111882694414 4
459429895184535396481194321149931133732645272226556 6
46345219393364567337326578588819944776115476 -2
46696366668191574987115388339312281338819445554944 5
4757492331346433937471184724126967328671189881968 7
4791542524862289221276931137563139631386789865613 7
492538259483822554654112546219521147148736617697 8
4942368998189784861463793826382154133932296161564 7
49755152772615659368172497289962775684213199125881386684 3
511774272822257186468375281293664936789781853146 8
519727631696137151849977685586983587116559976443344 -4
5424676816726291119899167445777476198888933655542 3
551244177396573366451476293497642146196331998122 -7
551283862772871891657954297664761518959166232148 8
552358121245913469973953189731977951431428722573848724 -4
55552363644333541519648893813665188418876 11
56277773667511256316456267824278445421152 11
56325124838288556619392446543224685115188121669449 -3
56736434512539827845549351574489322271124666121189978 -1
56764538676682653828677533829182735742872 11
569251831376211221551371369528788968476948989235 8
577172913227957492156185165967725654821498619639 -7
5786731119284985179828551459729173391852725723823 7
591622831817269355845276377541253815971963218673 8
611122233244253168367115289263977698193439647775769 6
615692276311162555428747544681688926285992747598 8
6322283298471824237784557982153168979551931154698953 6
6448812526983766298815838396433295521659117597757 7
646839663722856328673542159498326887745124559358421 -3
6525767732386426891856427169439795362381173892178 7
658681474332443396126552234277561594426699321135511 5
66193551777166311874637779834415989649559334 2
665723312123529298486759169128728668988774971711 8
666583175153181935458998886622398546511992169322 8
66858421422579955911884158977229332889154414 7
671937815362231676766893287864113559948157831853442 -6
681321471544993912769184731739371578736452939222448 5
681567253417814267353488584559751792838316911274334 6
682698676822718671154131864728555322953991583523 8
68644457118566179477721488661321655725447199288299 5
6874498932978721597188357244974373112564133222348 6
689112665468318678545661223523735728788292437119344 6
6998257189663217432924642382374791813858847331946 7
69998487983418427977897944574347182611562811632563 7
719148629124942846898718341336683289459653546312793127 5
7214144231953994811399133715587673924883668498487 7
72413774248581941642641755774951257822318582958696386 5
72552352397352794522579839893738512983774116961181844 -5
7317962462555682333551752936331859699219714786714 7
73314545517714865466129622896448933234715518 1
752148885251688344791572478791333946833316742157 8
7558292256414847859448111927358323417754896327357291 6
75957731132223311628529162519328785189754798388796564 -4
767264871121348668136112328225753637467473289983189955 1
7722147423713561772442294781165894529994115 -9
778418218495873659956278287517462658191459253119 8
781588748947683374256455126374599111481436198727522 6
7834833678464478677312473459649528291282817312311 7
7865318382892229162827856861731732411313767379459 7
81712538132924478374348233547328442952598816959777 7
82551324145658317955882391177269729227984434184681563 -1
83278454481657881684927291291733945971142593984152 7
837145172881138841778477551179999554464924352862 8
839567386423845174485667478775335428435229759929899 4
839754436563864462999226351637381183995924482841 8
839924595911923693549242762885827753627531633867 8
862855831522237882442431913959956444928894677166 8
8769473115752221582943199821113983776873348567444659 6
885726225393133623387112367891899748599841271566 -7
89133295255798813532779277475829192158437884152914 7
891826872897486387187144766673142617644392521929 8
91583223683666627931328126741747738699732819472944 7
918431787412861955174329617349954537866179343896 8
9212777833122529668135739866771441849178993 1
92332832541471447677696829911667477188683462134213 4
9286696744267987555588783599843972276559471333 -5
92876739718362289478755567569826471526828 11
9288432752651366373654566761197833245714884225913417 1
93896762237331411912717784211266764433669822734 -7
95217778759184136264371445553781334544131988992227 -2
9571725534182464428452154436962939533993815876281291 6
95934557992867186884555134392443818843799771133 7
975757794448788195779449938551232848329415532 7
97622277885777845267863535588955341162999 11
979958992413664931985152367866754283635635188285 8
9814816836641234495486494211312193695583776853282536 6
984229938747227919679127557714213336928653141343 8
98437345274568233221543195327581497849247 11
992188254247298317782259632417945954176541595774181 6
996396277714984969795582245711161237157461284655 -7
999949428884416456832591275884143681739655651376 -7
7722147423713561772442294781165894529994115 -9
66193551777166311874637779834415989649559334 2
3461888555396483716614411994363133196464288555998952 -5
5424676816726291119899167445777476198888933655542 3
46345219393364567337326578588819944776115476 -2
658681474332443396126552234277561594426699321135511 5
95934557992867186884555134392443818843799771133 7
211783239296245331175568731788878772691166658625553 0
3513373588146233638554268551884412875144614262212966 -2
111356497417465241912666891682332344559788933239 -5
13472328883278896431691998897133442977444271 8
519727631696137151849977685586983587116559976443344 -4
9212777833122529668135739866771441849178993 1
46696366668191574987115388339312281338819445554944 5
73314545517714865466129622896448933234715518 1
313497531289427446299265348718638476968988397 3
36747426644613155784913249321224937861969928882 5
66858421422579955911884158977229332889154414 7
