111147717772673576331565567255622267231333322366516512 31004
11122743553215542537114452477133211743444752233276666677556666 0
111321153252332316447654556336544761115477436634475572227622 0
112211176343416644233211145543547232263233624665545565 -31003
1125266344364464733441722725554622471226566611177715715557 -31002
11265445654764232242755573254677616333446661155342233327111777 0
11364232447442247612633354263134455555616316256777577775322 31001
1137537573336477346747722326343652715442552552411165642121 31001
114215556436334336274767754465545441666223212232115572771763 0
11422556737624566155774651113322667614437456377755444123 31001
11425514453625577747612555177212337737 31005
11454723446617377555364753657763412221662454611433223651775 0
11456642257771335455341266475546625136335434611132242312777277 0
11522125374631131422534336751125127664447742343346655626775657 0
11524313674726447146733554673565664555512477147661333322222 0
115325313752337637113542422153771734545527772266215666166 31002
11534764763376144555332724321211612561177553335725667227662 -31002
1153556317263253744576573664442226315433344645717762117715 31001
11544632377633345213555353315557224466442221411777662 0
116117744772642166334323342213124611276366672443342777 -31004
1164543126744442375327736112166334633411222455272661637 31002
117417135711514655362267761715663444472275563327344356645 0
11747317317656431252551564414125517644662577476733423266225 31001
117651331573353142771247577144532731136455657664452244366222 0
1216334163664153354425535334553446151457641167122266777772 31001
1221414463642444666731125555744155121772256713326662577 31002
122244442273654444747775555166662755136175676675223332111133 -31001
12251115671277726433111227475544227332145343666335454473755666 0
12413574756735512111166133255553176332752676266226237737 -31003
124317116674311642622353176337234776511672325577554465 -31004
1245365722342733666315114442223445255776263336651474161151577 0
1254455635543621177121661573362245431751612563277766227 -31001
12547551156756434544673325177657115667 -31009
12557316113274772553366565226652722157357633766273114 -31005
126163354675455777367364151667111477744316644155335435 31004
126421347632755177611777331725655112136652272525356663 -31003
12643576524646633363522663365517755224425111247277445411137137 0
1314265767377435335442573466551133746622565446612241152772217 0
13145245675773456673363444113356611643 31006
1314631141711124446617476662233222756466422243337337777 -31004
13163223556211165356556725133611673227 31010
1317116571631243352556653444166733522256113322277277556644 0
1323425251441532272743463355667476325526652534463711477 -31002
1323533411113776554664445613663517447542225177535773222466716 0
132363376626727333251311422445551577727665557765316611212 31002
132431575455752443114365565413332242143371114666777522227766 31001
13265635233665444551463633446553446647757222777737521111 0
13267455327627757665552114435377764332616212237216115434164 -31002
1327763455752677413166155567227233213112226515536617376 31003
13372776145477265147114344141372266137415565555466226333763225 0
1343775663331554113536335166444455666762222554771224422217717 0
134513743571475454431666746161341413773566517555773222222 0
1345365514327557632336637337117216512744444552226666244 0
134634613522561133423655225523675236117242537544777146 31004
136237426545372457712722763375637753332445426662 31007
13655737771627552144121434412472334536672344566651553 -31005
13672263663113744714117655222331237215523125663755577 -31003
1367356425724554313366573616674463477116135577117154442 0
13715426437477353666627615472267233554455166257711431144512233 0
137237654463472775761754514334476636556674614331122222223111 -31001
13755247565541125457145573333347417166173444112227223267 -31002
141535376552421161532641176662551434321522577223644474777676 -31001
14225664445223266317666551153377116777732267533722445 -31005
143164215647763555233213521521166776762337351667222317 31003
143231411652722345157134146267276625544652631562457647 31002
143336746221443456334266324644711752216175557113231255552776 0
14343133357444661755412222376533177436712265566551442651 0
1447651556651136516316164311643634332442255335777454222 31002
14541745215315327423552134623562263333477554416226747716617716 0
1454233314442211176557677656625533265433644215233411122657767 0
1454573315652444113223427125571754424665532333237721771176666 -31001
14552652535555665434477416646333666773221117774334771134122 31001
14572747731311717771122573336154324426525515442245543233666 0
14624422642142274237447276251417355653333663557533117651511766 0
14631522443356225155464315155666521132234473613226367177777 -31001
14646612617241167755765426633313255453 0
1472735177253161135662176776337235236671551656522513322 -31004
1475114464244227135263711741543355523611762364767775225265663 0
15115423646656275543621445163347112344533612225376621453727 0
151444276137551212775227457263341147317343233566616632 31004
151673426475113123322264544522662114465542554337733117756 0
151754677645744235324744413343266551126536227232236553 31001
152345262256334111662154371114676445132372663272777754734555 0
152613454443747456611612116445772773323333753177465622256565 31001
152725132267617371222113377444664467355633254254436374716 -31003
1527346225743122762554441165515424455117221176664666777 31003
15363266221744456462334221177713422336677112366737447 31003
1542335362433636735664554673572312222447224777556644567711111 0
1543525376556336332471313744622243124222745554466651166111 31001
1555465276316144655723666434457766233717721445312254132221 0
15647546235341441523335767223776172544651141327633476622511527 0
15661255734431345221266643651217771123456336326257757753 31002
15734663767727125443337222612422114362555441756644671336735 0
1576414123633574376715561133726756553363445677742265144 31002
1612252175155432434176347764154523367167235473223512314 -31004
1612565455316217467722634344552332214661344571127747712557 31002
16154343753666215432743377544155112253 0
16171117354214227265111332255536776332 31001
16172452377137541545222741332552213113447251433476366655476667 0
162273716451772563427557357543321227444552115471211666634646 31001
16244251752143766111614433662117736242343327432432766 31002
16353364721176176576655444563125757766155473373444331411 -31003
1636544163776355141337666137725671555644135731573227122244 0
16411235551223445521543676662252162126633155446417744773377 -31001
16414352171172731465276266755544265257744664127171554622 -31003
16417776766753437713376366756451263535221555221444332211221544 0
1645656335575227663664555223442234122274433115343647777116 -31002
165213337143133433354164222511422412155244766755564277666675 0
16545331462275712361157743445231463133453761177665446556772 0
1656517312557247337667213365461445517564322747763442514 -31001
166552667264356324177153222524433622345433656553177744 -31002
16665361747542311771754556313324461563433322774457676512252221 0
167176237774573562356176131121244552356456444446257216 -31001
16742352322371244115553457755336664344223467431111576272765 0
1675346662521331744125111664432463146677344517755355533 0
167565123745536344314654157434467222614752333377655221167176 0
1712631173544472267732475554177222151155152274544466666 -31003
17147426567577116266261262544575462553315121164422447757 -31003
17151163333123526316372775125665253553526266117622777 31004
17157363564155462151147332271144133546644336365456657 31004
17214334111322175557712115366766573226443323446774565522635764 0
17221143122577274644332265642366363161277611441377347436 -31002
1723472443566453314335566213577311222227147663654657467154 0
17262643222225574352777443351466645634465162156775433113 31001
1726345111715113464223654453333337247656677755775115466 31002
17266623452224715421544213335513416663364465176774355727117325 0
17267773372622345444424663733762243776263324661114111 -31005
1727435447753316634331767755441656636366441771132222422125125 0
1733423445246753527755371774577566213141113354534422112666622 0
1736154254754111133365516324665646616224774331422432735 -31004
17364236255477673372653532265666167523771111531522721 31003
1736745233547613772662233376115515226233155771711226556 31003
1737657324162547617714145653223447556362662551752241732333146 0
174326776274413323743627225427736446467463262611533111 -31003
174664322133531256176455733127335777671366167151556252244 -31003
1751267543523615777464516553367764444415314675137216633 -31003
17542554462467677513764547622552515761333371134436412 -31004
17546541432233125561443366513221161525442246655334261377 0
175577755556435411421463223661471455462616677471422617323322 0
1761475375524461663221115655566132265114332675222444773473 0
1762463571453453666454431716556751553616147731413374377 -31004
176342535335445544174573445345511222277711366667222111667367 31001
1763764466353554467577754351766776635515444331223113241221212 0
17663354556454477636566413222137731733236722217142145545675 0
177313526145611713376645116127765422527223444565344236 31004
17753461714277565233342322667626644555467765131111715 31003
2111415335242213113154446716723227675677465547724433566625563 0
2113433565524261567556441146671136155144227633326334745222 0
2114226177277444665763662722113242477561445555557653461 -31003
21143351661544375757775551422234663366456643563322441177177122 0
211457223643552344675774233641131775551122143441237753275 -31003
21221424765363445545311554444662765325652377227776331361 0
21231225664334525773326477774476415555242135666773664112 0
212365675434223654462264625555115466244254611777711117777 -31003
212566563236621512266744332676352253111513733115577777 -31003
2125713665723555234615326737737332773222155711656661161 -31004
21312554752226677265343322311665553447724177165533446766 -31001
21325464671636457666555553477433363644331525212211744111 31002
2133541337535521117335315446746642223524654666625422774617 0
21345314152311433455766555422433524374234226612115166776776677 0
213575247153177122216527611117534522337323335577446646 0
214321731221561441656334731166122577455462234456554727776 -31002
214347377112523222713313244426164115526336315566776566755 31001
2145436515527412252545552272244146774477117177661661666 -31004
21455137271234714326426244165577155177244567467133355 -31002
2151231122477126323566443333711751675442241447774726663 31002
21534353361655472255641347772122177126635567661333172 31003
215347336415245546761753624223311172566455363311242152677767 31001
21635547562741547671171776624655544577242411465661222 -31004
2164217312161116533172775742234134424662447732476766633 31003
2166112554152237557122671143162157233444444576347666576772 31002
21675243262154343733477655466244462211374655566523273375111171 0
2174664166637731167643752555322454776573445745642222253333111 0
21774235573771335473144247322117143533721166646442221566655 0
221254467625466272441464446611152775572333663511557772 -31002
22153472577173433746366522623366226761141774617323114 31004
221634535722552622672413244445455576644177757771111133 31002
22244572155722576224712556666761311753661346751151744434 -31002
222574463776555472136667124745557611444455672133161 -31006
22357541614437543352476532233447725111135243471771551722 -31003
22365424644657775552746712754227744713614333335112132553661161 0
224247134466122647243776677411544171176617126335555332355633 0
2244247676137755375144741173321277445224153166615566655333 0
22512554472565572255626674537477667224444117146671116 -31004
225214622542334144233525566112676676366547115433353174541771 -31001
22564317151154346333461137377771722546624433566524511 0
226325341276574476435155157665576747773511223344664236422 -31001
2266733524527243341563451454111634455523654613116377677 31002
226674473231647113434666342647652333755244555526375511117771 0
22741343313277722466242257733444255341134511371655771156665 -31002
227626544716623655112222516543334432777771156631331673744 -31003
2313243222177327544433375355524775542672434755476666666111111 0
231452331673317516272764427226554562552751767667115446 31001
2321221462715743145141651115666334322433523236757654477465 -31001
2322566313311516116536476676337557767444771144354754512253222 0
233113715271461124775366622255667262233363561553551177 -31003
23333351321375231176413664244422465561116622626447417777 -31002
23337737467724422757744562665511565321345534744521132266636111 0
23361712745776664166672222732363354255444614577141542117 0
23364123144156126532112434165542432332561244531777757556 0
2336471714565663477627431144714411122716233422236233665577555 0
233713443712577344334256336611476661226111766721444755 -31001
2337717577737461174613372536631153451221122444656636622425 31002
2341632114223443256724562263174177133273637555561446415177557 0
2342413337144533143421435221344215752177121266666666776555 0
23436337676635177511332673671455443454422277244262216655551 31001
23474456261513533661221566372777761133521752322355757661 31003
2347552465476221232252741661417725767631134666175551157444 0
23526647226513455776344433765663214333264522654455217777711111 0
235414253322477242227244557777311117731344643133666116666 31002
235544573154144515632132673675574212227344126662116335166347 0
2357351211475321116252555221443771165244734524334747773366 0
23653522265736511222336132372366551773157156775661771 31004
2371646376633135611425336657771657111775441222362235255572444 0
23731674533765167341117656654443645531777734222443661 31001
237527634335546744774632277267763335156635546644254222151111 0
2414262232756441641477664467417726116162555221155755775 -31004
2415315247632435564432734322324766347565515527211317666 31001
241776565556641133726551211166273757733572522231133273644 -31003
24322116657344575431177443725523346666652774736422335752561111 0
24335211455463352546455344523127272223754437666763177766671 0
244113235122127154113221751277725473373444334734667665555 31002
24445121221234463565711224655247465416666655521117777777 -31003
24455225445133326362221116334577477615641134232435551166777 0
24524171752113247771776117427526655122544624551544663 -31005
24525527345714457734765433763256657714416636571332642 31003
245524375317477663676614657547744275562231144611113325165 31001
245556254132714224645544745774525117372773333211127331316666 0
245667166573612517776671655447327673333511434421441452533 31002
24612773566135153641744467553356536755743444367361222717111 0
246213774431266662632132311566442454422133513117655357757745 31001
2464733445163211334274213377456711144272322355265555511777 0
24733566674271566115773225635711233771663633711515552 31003
24736344425335417256447765366544737222772556336636557 31004
247566447211541447215551667255641757615313662331334774673222 0
247567412722646637754557713113454435614456265752266722331111 -31001
247743742157534175165622351326623767726626416434113323711445 -31001
25154325544334575532766433123445266361 31006
2522261743366161452113445513433634665211334226455577645 -31003
25273541134553142231444511761443274572571212237333777556666 -31001
253147157244737751353417616444456661511564717233333227666 0
2534556233763336136221266331655717562265721112711577757 -31004
253673142445621111346553743327277277714117443313455522526 -31003
25372227222772146644756116426133513554176775663433111756 31003
254175614434126337255447663662677626477233214451775523233111 0
25432745571271224453552557252241773411171471 31007
25444315376346717633222737741155312115224554434177551223 31002
2546563112456444777734224252232236665437337343676555577611111 0
2551134412215314163311124376733445642577755434573666675667 0
25535361114631667327663577227551117244422114272737554334443 0
255471436675325411576755123356122266513126366113443227 31002
255564532223662467473354154322111621554771247416456177176 -31002
256216437733664517447131241177222755577661356624463314 -31001
256254325226433557511255743573426666464443322116647773377111 0
25636131115612725612217213135553375775662775663272763 31004
2564173732332453277714412246645473363226426413766117761 -31003
256654531246343172336526276315222447777611455244675335431177 0
25671122636611634626545413376441431551136333252222554445 -31003
257356466332647566432562467721111733677714455511331532222175 -31001
25776211751165541257664334322271224733557443213743441566635617 0
2616436247331651217255155114465115655234322433776777736647224 0
262453143362517143733443552665322113544665151177577742221476 0
262655155764224442742134333635774225744177771553325336 31002
2632235463323211471767752756663371752773113244546645265415 0
2633145237631323345446456221443421551166342252577771551717766 0
2633715442772515232265513575625172271444151173337733166 31003
26341576524527126437432445677366114244655635156537212 -31001
263433746117744131671224535543167557623422224711433521565577 0
26455623746341223565234555345411756661111234446133263212777 0
26526643675234151222255647244775111161711765662557477444 -31003
265443563255637632414422235233311116315455774454662277777676 0
265766521513777636632375112622122677765132711331353555 -31004
266154143443526232247577573677411474533255174731665566161122 0
26635326227566576336654175655521521374444434277111117441 -31001
26635633175744431411677742555332255431722733511277522644411 -31002
266757433524126654433336454441116773212636122423112771 31004
26744413577255477423153275573111514471123355473412222336666 0
267721466164163554614331311622234126364422437771427 31003
271234733352561332277255642371176444443142142555366666551 0
27125625617321434332355321164455633413677277666527711271 31001
271311343222553362465417353133277522716651167765765715 31003
2715231522772264554355711336231155122136436733761744447664547 0
271562245245545546743233622613715165343661144177763315164773 0
2717627413113733435765665446133341553411177456674476556522 -31002
272144224533327743265532373344367667777255656625541165 31003
272216254312342434416657442656641355225116655433367135377777 31001
273527737353355377731461376372662114466266544155645215222444 0
2746476224444263154442217635533376111667662171221557755 -31004
27472442237765522442122753333337711474157441533155556666666 31001
275134274776226372561643254457545515466763311254341122713366 0
2752432213277336714313633441253564775622124444577761551115 0
27537215773132473324377537133645546665715222445511444116 31002
2754641265215675177756515542566276671163331343313144223344224 -31001
2755515134437335664332441122272511427177666215543433676626774 0
276252741225473775722715566157355533623733112314444441113 0
276262662314266537545274467542354433155465577637772333111 0
2765377271423633471442245642466475512476371332611136136 31002
276541654366347454465237335541576771124476775 -31006
276545137653467577142443321175235773451157443345122222113 -31003
2767615337731174775422434336224463467612332142555565655 0
277134735726464467133142124633377221337172444111226666 31004
277774627361662222225745453555154425534743133113313671117666 31001
31136117176366547173312454457711422565557355363773444466 31003
3121657473642642362114113562522443177735527723451134637574 0
31311233112352166735671566115563277722265732377556276 31003
31313367457463354114567222442162563122165577743351244566215 31001
31327116564467534343361436656441664331777415515577757 -31004
3134767556225433776441742213442174451335531577355176661 31003
31377242722425561577143366644322421155533335576445241671671 0
3143451514316671366554332265424227757452772246742566657711 0
3146255341221644317521472334747661162277475562633776341655 0
315425665664377145625623442777431333651477612242511546213321 31001
31616111454635444633231164641743367322247136777677722 31003
31617211733566772333223257221635157665526527113661577 31004
31623575227551772311335541765363375352177167666212216 -31004
3164655622243545664156766574211454462215411522121777777 31003
31737714717341656535511123666417447716464222232663332272 -31002
317434331366171174433711464474671427316776226663255522222 -31003
317474544477353361754732522227411312277244112151553335566 0
31772736214533726111656663733335551761155175725766222 -31004
32125116243714433473354211156346661774331764655547776657 -31002
32162542745323442332126747415355361166633144411655216627775 0
32234527545634553445635752762546744711646216713271267761112 31001
32277356121272235262554446775435531113425564443177477666 0
323151113364727764574225715666344452554247761432256711176652 0
32332536717122211445541464472411335554226632341136677755666 31001
32411765136511172637727452564442224416663725465572716754333 -31002
325264313362244572234544255275666635141133215345166467111 -31003
32551572241211671244322663334444355276215553414315773 -31003
325624541655566345547346361246632226252244335377743117777711 0
326121153622647541735647766244351457663222213311144353456577 31001
326145761372671675466611142556526755234421355432774311 0
32623766331112234554222537325323765665577166675115711 31003
3263135462266545413354524575464477741761113352223526663772177 0
326625656454322776744613357777432111766322754446224331311 -31002
3272656627751175544253551341772434113513775726226126166633 31002
32734616724755733221771544377552236576 31012
3277444337567422256717567643537117324144114361221132326666 0
33127162265445611756522365575334422355744472213467771411376 0
331642576374352143777256123222464444252663537765577366455 0
331717426545236622447337655272273454464741132776552331556 -31002
331724644734333773474624127117147147121613266666362222 -31004
33211544452472373125545246671776213344362223436711177761665555 0
33223476634522754555516244377644553225664423236636777 -31004
3323641331324663254344324126671416711246715521466772572 31003
33253662562572563147541662715533122232 31012
3326541423623141121161744432275574531722513442555335666666777 0
332733263541653441655556335361151262667611222712177757727 -31003
33312542222144335445241722143511344772331117775555577 31004
333332514623445317177467221147177112772665553223625166565 -31002
333441644556142555413172221321346667257422323316514561657776 31001
333463155323375655623615663175512221126667522127114444477777 -31001
3346365234566533637543327445522254254114776662267541717721 31001
335116166724345534475625116565533466453464332222742221177717 0
33562441512114226555127711774152274557776257331624333666 -31001
335757776455633371534422433315246662654244455677771222626111 0
335774437115246627612271564477372432336114421553312726 31001
335775533364316566666621124517113557644444535131177722 0
336211753137252557446373445645433263447661122647212255 31001
336437476617745362427347226433762461144112662317112123 31004
33667254536614433315227721163662223112 31011
3371474634522354221225554244333336654221111415551177766777766 0
33741245252315522634444411417717377574535552366666666377311 0
337647654431735766327223147632411367121125577444361562645 31001
3411251232446222275651215523411433471777666771545463367 31002
34135433112627632211442627133122716174445555625434365655777776 0
3414673174476443575776554744772161115115163333566535322662222 0
3422443765433433235633524117555466441576552222277711777116666 0
34422674657537633456457453521112551426 31002
34431556711267641345545455533227277356766746723764633421111221 0
344417514366644415656631716364761137741713377322222255 31002
3445124565576373213723123244576677554221142372157366634711461 0
34522411464544337346777274466337555613511527776663253122216 -31001
3452254415317143263662363354445265411553757771722436622677111 0
3452333635574412647447155575576621743351776327424222231111 31002
34576357431332157311354644664554434367717657155766671222222 0
34616745756635555572123346214432316433622224411126641 -31001
34631441556432271217327674443334343556775121166515726656517722 0
3463771552651477711211511571344356457722234463324232237455666 0
34663357311765441135446553342226516532231646744151756777177 -31002
34672614133311744224464551146151473275 -31012
3475115374522123227722133261754427356667737555566163663111 -31002
34764237227311632211327221341772773371 -31007
3513544514115676776117636613354411577264344545737765363222 31002
35136113245243352262414477663224644323734551511517166 -31001
3516247755525626624355466634525611146774433342247112271 -31004
35163472167533115664444465531634362225415663577771377754 -31002
3517731567772443622724225771545534443541332335522471111166 0
35217662652257665335551315665637611217737222233177731 31004
35264116576744774275127727433676532511125421245216666544 0
3532545764553347665322514335664453777327162662427776112111211 0
353255215523571644224762111225233613743355666144414673614 0
3536446366121777116357564543364457751255322433622442217721675 0
3543712547126614111431671265533772223444455733245272731 0
35553133237613325546444222453554275366774471466227111712117 31001
35623733153333672553477766417217261112444454555547412112227 -31002
3575563422471117177666737711743144632245562332226461143 -31002
3612531264245341377773711763764473371611453661455464225 -31001
36125333771165336611711317525337157227727656626625252 31004
361425721252232742355773377323354555235441116164666414 -31001
36156742656645514456477455577265673633122244772472333332 31003
36172454344667534663763161131544445535655352216117713777 31003
361731134262322154732476371551454714626512577533355172276664 -31001
36174253771224515543354473335544754466337771166661656111 31003
3626723754745666653333376754454622624457771434237551211111 31001
3632152164743337444767775566126611531555363112516574377224442 0
3632456417763374544477565571757762522545421134662223311661213 0
364117332575755753665536535366763772766217312122221112 31004
36417336253133466455377454457417632156377141161465571 0
36433552767353355315573446666475174467477374562224116 31002
3647122156737133166677327736423344417176622112162432444 -31004
364735731241653777527121134425546612655211443312254323665467 0
36511113571524276643433112532144755314673553644456667767 -31003
3654431234247135763361771554454434736366226776216717212 -31002
36552415554243123221136772313114645756446633667315467772412277 0
36555616623122441352643441156653661773115533157447273474777 -31002
36561166732473577577335637531245166121523556244444711746322 0
3657322626642254144355716317321523445447723556743366256111117 0
36664377477576123744526335565473165521551667211137442211432 0
3666573217467126646627227552114334563222174447744317113 31002
36714772251613466644621122766411621443775551722337434555725 0
367153426715775664214455663263354123455112447772341222767653 31001
3673247577373317722273572556622235532644446316114444556511 0
37125116273625635573226656223172623117 -31004
371414422724657155672247215776631645672544655512713346331 0
371573422242444132273614652133455622677135554376551131776674 0
37253166776776624363133344437566677121722115544213115555522 31001
37433412257136334441327764337111441522225652415512557766666 0
374365764671326355125166153177352133555267711723716222 -31003
37446543365365467221341332555512464344777223557666621111171227 0
3745442111417114656723665231614172267477746433323655223326 0
37456271674554153251335435413313715135 31007
374765125555556665163423435461413314446132222173664112 0
37515175311152461445746746221166163362223752642777544355246733 0
3753245431644733637333661114124445666411177561552267552752222 -31001
37624534337457644476517562411226771773413213321456216 0
37713326345427172245321776622373265544654336774244665555611111 0
377245151117123223715445345234223323356125551661744677744 -31002
37773625414312566765662442645355377775734325544332222411111661 0
41117373447732562356142235544776656477564566645521117123222133 0
411744133622342167644233162655625111732613327423676477 0
41243515377163552371443115114377422344556666674152233227 31001
412522276161175671467415566451333661552242562727745741744 -31003
41257457621111612645332633223317577576667723626 31006
4131163225633721742237626633272771233677145444667611144455 -31002
41323776177337665654557535516662662133211732517715132 31003
4135675665472153167735144151247322236766654331117534673257222 -31001
4141446375574253153311516664533422265561122232664576777277 31001
41571613666156341174325557332442777532737714543321251564426626 0
4157533271145565755523342177226672666167522216344433116 31003
41614435552644113233265556616576652322343114423352264777171777 0
4166443545577133667277546245546727765655422637421112331223 -31002
416766436244432537157312362454554211145232253377736162776671 0
41761322452373365311555265523225532444137711466423476116466 -31002
4176751453534636646166431567533454253653773154411777222721 0
4213551324566333115335665167373514764164551644416774777 31003
42177563154275554461461177472333527465445213233511136667222736 0
422174657515556151243246774765552777664441133374316623221331 0
422626674167664434731447442261351126633137231773372271 31004
423265272522762653466111563411237421655657631734445544333777 31001
423414255442742652551157172624766641755216111664526777733 -31002
423547765674671545323354464323324425666576722263532177115111 0
42357413114346133256631566677744714222214351173734727 -31002
42367151551357114117214441235473332227666655754232454632 0
42372174262224175754423211721755565417553347735334341136 -31003
424244375622251564612175554613642257765642433663111157173 31001
42452335446252576445115516133423112317512243377735174277 31003
4253366771452156223433115645246511374414755677776316547336122 0
4256532734557723544161567422555433324222744337371111111 -31003
42635776134164722644163247351172331666422554313477525 -31005
42644262274623226121363433275563641166433777341141117777 -31003
42646141147522474667557437374775762651266114226211213 -31005
426534376166475526527774336661443363554557345413222212112 0
4265346776755642314661652327665777331135224447734411552522 31001
42724165677674437723774611336755551421135463344122323 31001
4275765564115477572137744664257547222224533666611311154136233 0
427756537627437444276265524576645145716116471651111522 -31003
43113667524567343342366545566557773337442277764556222224 0
4311531467514117331337744447777433356667564565566222256511 -31002
43125367423622667135763314336722762647 -31003
43151776324226346533734477114456351224137562243726677 31004
431542637744663377522536552511771157444774451335131136666222 0
43155343311637444433156711236577667316575666772255472252122441 0
4323325545763774334554366322466647171464626311122277727 -31004
4327332155657132761755516717723715113325626627231526636 -31004
433256724513441121571617113474417477223766655533547235522236 -31001
4333631236323314252274565662663226671147555551157721177 31002
43347346562752266721467767444613557545533367754522336222111 0
4336467553543345227255122577736664463552222377711171661361 -31001
43366137646663766111545446127711735577273754431134534225 0
433775465613226664112177424344121332273776631176124263475 31002
43421323327421174137153312217144416636466222634777666 -31004
43432712256775713554335342621334437744 31011
4346332644621346433174713577123324667211212112764667277 -31004
43465511373561337744333551113124121622422552422767776 -31002
434663441117277636632244135261133454463362227725572167 -31002
4347233117753654743347661722244411314771175163553222566625 31001
43533367625574566244777226434574567755466736411351113311 -31002
43554376444515533112226157166625535223744334216666371174227177 0
43617565362444315533655117454461157453742277777131133 -31005
43627571265177511416233455544335641161661656224724722243753337 0
436347133423775376377226644145516337267116624411241627 31004
43651274123225755744246447577374115541557713123332112326666663 0
4365555274533345244531341377411471241351776666632222215127767 -31001
437143252112553254316222677616545577334666744363371611254275 0
44126242236717361144132545477162273317266771744133626633 -31003
44177232565135257724117351224411573775347665512444213 0
442334371533355136336114471422262474465666771122127575165 0
4427222244132227564314112566133566655465544333311553177766 0
442725716373156552166131534426622344777641146332216747332557 0
44324342744733263111316555511654447617732766315567567153 0
44365212453222231226326454113447773313455671451653671776716 0
4442333562536116622321156336312267274163444647752711177477 -31002
44431327433122564423521171372117327336171767765556542255544 -31002
44457125114167655754553323775335441742247327323317112221 -31003
44514513223346445576751167662321611555633472222625617443 -31001
445312147611321227671566544411622142772555733354426777563 -31001
4461355754235561211444762232233243376733246566255564611177771 0
44725633546445563447725113663611466172221463555111332532272777 0
447334366365544142246673625525533364462361117722112215 -31002
4473566442645566466263552264333113121111122724315553342577777 0
44775613177563473631122462567115416744114433767363362 31004
4514235336463663745122365546344122566433511747161177177522775 -31001
45147346325457552575514132532211112112346666472234676433377 -31001
45155343442421533655344362257472235412176232367511766661 -31003
4517114544234553466433364531551151335114377267667777676 31003
4521656622527622572432556576655332374414664343313344771777 31002
45221321421461653753221343372331665461611545664224435557 31002
45227143365634336332372664516655777772434111276424724155526 0
4523171422237777327523442666737741122144556461451555315 31001
45277631224213244456531155667711576667733246162731231234 0
4534126412562227565577521155766656421173366334441134214 31001
453436331232622354117267774566775322244555451336744661 0
453451232264123562244166625643154477254233611365533116517777 0
4536213142172112115655556613312442434423533223445777675776667 0
45362146553223777567365443653415624553746611321131411477677222 0
4536533666573113223627553262445577622166775733752271111 -31003
454134637316242722613442463544336755722727365576766723111 -31003
45437472676554534661423531255564236622771353332246647277 31003
4546724474772445223213455113265417552336677322613377553611 -31001
4547237721136656633453117762666372622711454772344412413312555 -31001
4552561125126425555727532241247644417113117727773366666446333 -31001
455471726224167752171155333374465446653563337416646122773512 0
4556653234111161711533355113767776755577722446664433464432 -31002
456575576574774133166476416221543345443577373356611226 31004
4566124472522353552622322571173477116776455715644174411666 -31001
45731311344461456551145176664363771436 -31004
4574415215562521226677315776135547566733677231663222111333 -31002
4575745154774466417337557417575123323513134334116666666 31003
45757627136134437424365555471463335632222111721322716 0
45777531674554631551455716333657746672131172222434426614123223 0
461113645535232345511173322221113552735446644447352627666 0
46114544235613552576674244755577477516763232233334673662221 0
46121637622511551126334443225274433431772565255666117543477673 0
461362767643174426633224426344725551473223773366277111111 -31002
461415541117572325522442336776545541321334435772236673276661 0
4615555623766275225642237733675231142615626444534771117447313 0
46227543171233442521773155521143123223313417666577764755566 -31001
462353421544724167463225332277324436574663321177671171116 -31002
4624532533743764425371345627633361147566255446562221157117717 0
46266723321735145562116666155313317736251272512733725775 -31003
46271341445534476327732267364476674766 31007
4632345743116341363733551117776544655411222446531522577662262 0
46326314454123777337441336764733722662715546555575452166 31003
4634122564621113344535527775756667443354745337212357716622126 0
46351232161174333667514227153226653354447454461115553767777 31001
46421311622253563526566315361611347775155332126752273 -31003
46427231615224754522411156775477477212211155545766666 -31004
464326566453253371177722314455167234575114461225423363 31001
46434423417611154432424721557557733271 31007
4645713223642257627745572555227523533771743433113661111616 -31002
4646674432333654255325112256657776662773233245477557321 0
4653141241676641331551562433554666773611717377342245222375574 0
46544415425145767334366133665777226533525117217746475213 31001
46645375272364662265517222155442774726764477554611151 31003
46652773635434667713336124447337224673742427226621111 31004
46664772334446733122773727766162411266332472321441555511135 -31002
4671115132562377553777665762667237332532123656552123111 -31004
46731313326533515526744442224577625526663144435631112611527777 0
4673245353315555533614444411236722122125223345466666111677777 0
46755763341613111364544745442771412676566535335651133777 -31003
471132345642331222273563355772211354444472771671665541357 -31002
47147652675755425633156777236667446752625411122533344412113321 0
4717723341755733257544355147153115335666666436446642222712 0
473125246114537622354455317754517727277442336632111343215566 0
47331236642515447256257762331177161541233354447152247132556 0
47346556216462154673547772333365522347155335416626221442 31002
47371256654157747357551175155422144331424427723122233166336666 0
4753216155447646711417521147566336221242266777554455761233323 0
475563627276113441632113224144352125562267134563133566475 -31002
476623723436331421266443433544631147116615517772651755 0
47721225451165545331427115241777731175266675522244663 -31005
4774421554474716111276557153266656154414566762577122222 -31004
51116614654541552744427676125227727665552444162261173377333 -31002
5112262243514313347244166434422243113325561731667765555577777 0
511373174665433667377544334473563222117764217241116466 -31004
511414365447314424434255153252235711652512717726766777 31004
511643333672245334665572123646645112237714677144462772172 -31002
51166352414321653622645277254653773322752757564661113773113 -31001
51173257253666446346233447743764331122272535526145411112776655 0
512634522233253173511726637144467227544337134775211457146 0
513134757347551226615531711771667622776535522613632236 0
513274532455433664724516436344774335555776637677662221121112 0
513524521234144116261335566242511427714776334235525334666 31002
5137536477266517332631665471223321122772655756552444444673113 0
514357213376551175555153143177777266711222236333626622 -31003
514513315747632221127521132443344217557276661463523346657756 0
5162166432634723555724433266655362422654345534423111111177777 0
51633527474521116552534422477127551125221641747764664667 31003
5164744164464534556355511336644226515177722322162112267777 31002
5166573447637725356551662551115622344447132446611332232134 0
51744552353321663272234774117352111331662164437745566 -31001
51747113227751716672373655244335236444145666544233553122127766 0
5213415355172331144641634436415475277622533221137665547722776 0
52144224374637657335672553225437712211174674134155543127316666 0
52156446417514271555415242722422432166 -31009
5216131132635655716557443532223333571267711621577666722 31003
521673714177752612643123456211271777343226541565235444 31001
52231121225566572733565576632331175566362263771131177 31004
52257644772376347277574334627561322241463363231114666411 -31001
52277365741431117763522441252266441675677142335671133432356455 0
523174126453271727773445537733117662151211535226256335666 31002
523467647542312343265336651227733366445716455177416575211122 0
523513563122737134116277622657115551737335577 -31004
52356467771434425766734565445652264465762111111733321 31001
5237215155463447662322735565733444561125343367221441277776 0
52413623553341771757742245544416653357716735746662133412212126 0
52562337554443211443227577233366633222744445557511771666617611 0
525735334664321644755163543446555366343142222277667777227111 0
52574717745572147711633441722454665112144166665573362332652 31001
5263666247122754552431544463146633644556311112213152332 0
526574447772163656677655334651373444566455412222122271 -31002
5272567114331125522516632665455335226177666271177331733444 0
52762132724357376413622621223345776545544615631777551143 0
5276427156341526617746135213433664751146654553534413372777122 0
53133531337112276412726672221121357721537367466667654444 0
531436171114164263457357255526647335755241773711434476662222 0
531574441673254552644555546411272333221471166713222331773 31001
5315747161443216327761157111735744222435522643352543564366 31001
531616227563715553353533344554211712114416666474446777376722 0
531714376661233337745442242144551522117323322144775776666615 0
5317761733313424224444565513554747741666672223571133725266211 0
5323724662354226261432333254231311554146654474177765511776 0
5323763261423142256571136652117771256712257165563365337 31003
5324617336645564475345331466566343311246142577117575171 -31003
53246533341633577442737736745661477746221422435555522112666 31001
5325717577232235546777222543723511217666666551163613331 31003
5326634677717211314653226614452453423377253354474152552771661 0
5326764741623455564554632265771774762444533626577211121121 -31002
53273314273222343327713146744364117722746152765556664611 31002
5333444612254611532156664422666262211233413314477377771775 0
533413221765235224111675744164324427162266341646633735 -31004
53343213446412365755731175466677745477763363664554511111 -31003
53412437165531654175511346656125445722331774223632776742 -31002
53423234144551222243674445242763667725113155667367777615561131 0
53456754536455544224331476772717733346 -31012
53517325646147661674572122274135422253443323454331177755 31001
53563646652431544347651266652223633332444554111127777112251777 0
53564511325564711134144355344665315664433167736622717722222277 0
53565535263552624576722577333237662267774447116444143342161 0
535755347513755477267367744333426344212713411662121126456656 0
5362656632155517544611152254356623443426114334161774222337777 0
5363473463763563415446333755567222742152114661165514222421 0
53647716745447673232136774472113155566743154516655436 31004
5365475555465471512342433452116427731236672 31001
53753537277456612113365551733355776722161726221122136 -31004
5415137347233331212264572644411212716544373375217555477662 31002
54236214213176731445321411776776567177166645545546545232222333 0
542553523363331575717744466421764752225466664117563473721223 -31001
54262267131777554344656665525474442755246722662771111111 -31003
54262655543166151347437411347771136774465337646517133565 -31003
5427572234264112677334736525666427663341161555717153425744233 0
54331714623442572234736341155721317712665515661765563773644422 0
543474415755773455335341547117773713222145322222234166666 0
5435654721711724466226155452677727114525454476661171622 -31004
54365347676335153553742665477364475643345412217266711272221111 0
54435122556536172623625563352321667777152271761677311313 -31003
544365621244454327233113446645551373322772672765755611773 -31001
54455436614766356674477157725423335533721454773132221621611621 0
54465234776314617244355466644761667722155333121111773725522 0
54465336226173237217644535532443722173376645657617225144576111 0
5447342345673774315751734745646665667627334622223211122 0
544772754311571767743337515574425223312111152232332454 31004
545146644566446633773454416576155552736777771222222111112 31002
5454311555415543651544144772274733112232377366667667367631 31002
54551633655465124752664422636132734745 31005
545626255577112254766134476542566544611744117162212277 31004
545755533736126446661133344122221442653112242433565157717766 0
54644446757334512525463264331422162552263662655337711317 -31003
54646447345622557772334633312772537432662725676625455111 0
546477377563377665422554427633773335666263445154111411151222 0
5465361533665151451112171174445566463664353344773777737222222 0
54741616335664423272237747636674655545243747222355532376 -31003
54757377553653147236644464411343467767171163363261112 31004
54762376775275646175424135572416244254751522214716166116 -31003
55125425363476722443352111655215642366777613452444777276 -31002
551331236564373166455344547775344677174136623177654652112 31002
55136147676615455165444654155214644777727323333333222211771266 0
55171344117243241475774664766632677111413223243362337 -31003
5522166423674332155116634512111226443177456343655456242777733 0
552444436724225632233332643675533246111557275114661566477 31001
552453622252366625737567627311517113325611162316533777 31004
55342521316664632225561324453453224355243341177774111776666 0
5534253353755235313355617312671111176666666122722272777 -31004
553476677675641216442377663121661143224324323411214273737 -31003
5537245451144432213362226343346644552221666566535737711111777 0
554317513461376612477461227342561161143665473222335322677447 0
5546443232775556145333422524422335664536224111377777666677 -31002
5552364644663333541155433477354714425312266117751222117667 0
55547116162122633473671545664556726635574471114123347277322 0
555617521473116542542117671777774443425411266645262265233 -31003
555622252151222663256366555667233367177134477173771444134441 0
556311517416475527341124644622477755135144351233737736636 -31001
557134154274442354265332774577766642713323233475552211111 31002
5576756762764553457526773322277434111151244211266542611644 -31002
56151355643114531142143444266777717712274523335534222277356 0
562543572554446151147276644367267255622621251334647771 -31003
563231547462557616636225777712527225661132671111753533 -31003
56347415763443336744121164144622553116711536623367772552525 -31001
56355235331762172252422566353375536711113261211676776 -31004
5641232322664334112223312644455774276411514113675555577777663 0
564252242225212216766753465551465666444333517714477177 31004
56427173157736422443345543755224422711346666357723327561561 -31001
564442731427536743325554761746473665477673116336135522 0
56454334724274215642133311112552323224434737755771776666 31002
56514142151427671156762261333556423433734477446335575221167226 0
565575655725344352656646443422433167233224677473367772 31004
56641126311257143511734551622543441332364324422765755237 -31001
56642774573665426221356633545314344733447561657225273 -31003
5665424621571644115217773332357667617225734723225631363511 31002
5665733527731755246231237366273322562551376617 31004
5666472374357732661433165442113514646617722211237123237744 -31002
566721437145531336717711241463626644764161754455572235 31004
56721627375567734453233322155476437737225623552666116111 -31002
56734455714377325625766213342635412557773311665311761 -31004
5673462311324663745455636637554543446641557711377311177 31003
56743257253463437126226123311773127552777664444254466655351131 0
56762223554344641234427644533616611421135161213232367755755777 0
56771675644614446461325745322453374677363321357622137222115551 0
5714473471613245135475122557115215353666671667762223446347 31002
57152665437625564744744667437555126766117714233333522122321 0
57172652437355533712247724116337227722 0
572162433543562365561337115664436372253171166152215777277 31002
5722563455333216663332222144145442263717715435646554166111 -31002
5722745461331132131137454571227553673771176663252256563266 -31002
572454325551531247753113165757244232777734112113666622334 -31003
572625712234656126355222411674777266741445776411564541 -31003
57265312552232322572767764631652551175373611717661133 -31004
5731753124451675514313164443376671161336654354774565622277 -31002
5732271557743377417431277411621514423455455523214221333666 0
5735744645246622422113255775227266547746547665746111111 31003
573577165552742415255172453363433444772221172343216317466 -31002
5747746315645357711221666543336513733366655445142221777144122 0
575626166344454253164465754552225433346677112176327327377211 0
575713764271551266573473367123451664415756312227544243426 -31003
57642622444335442355545447623576111163312552311321126666 31003
57644352133714716557661261223272251544334413446 31007
57647631451165316117744555666656137411445775433422222233222773 0
577115231736516577213233311373214464544376657741444565522 31001
577554165223442112315527555332442463311443346661211626777 31001
61113327617745662337632245244446711557122425254477611733566 0
61113451117671624113675566574533556535443444777764763332222 31001
6113261445321177755273137754443554665554422271733431273212666 0
61155433457625267557422465211117677766156122564447742433332133 0
6115646667723566355222123351555221262361175731773777331 -31004
611633376626234576613363521177522335122771612777551525 31004
61217732711325337666144265455344452523355665614477776743312 0
612457741566266642313123477755125533363122227556615373771 31002
612725541722723312275434465511343366654462667 31006
613527611171154424552215116664424554677227722544757766 -31003
613745326542722233441552347142227744111111777335553435 31004
61432311164333752754226544444124656632355577573377666171171522 0
614346132231654447231644463661122423723273266117377717 31004
615167152527765243722735677771131125355216225133333666 31004
6154416327137577661334664116355462227111734447723456232273 31002
61621766113553616266274377113772444435533121574563773542224452 0
616312414324221523336637375377664444634647122271216711755575 31001
61634552134577145132114322255675545211164367226334264633777467 0
61652253314413665221211447652211251742444455776 -31007
61657466523312322111136523475432443665557576443346547727771221 0
61663332351545554614662644466522215477727277553331177117212343 0
617211456627576145445247711256265544574421117767332225 -31004
617336453762663377654772755361322316376275225555112211 -31003
61753366633665217656267744447117574774322233223255435452514111 0
6177127345756776214344423553312112275455665432334541132 -31002
6212722216457277566643757667236221111776311453453451343354 0
6215226431567374253111262255777663352244476135566533311 -31002
62214275133445132674441157471632337115655343351456662675777 31001
6222413536223362542535116217344552711566466633775544114347 0
622266636547464447477417253164165527222632335555333775374 -31003
6231171477564572322354432333377444664311726425255661266 -31003
623542345673654342243644472336225111642555235577771111 0
6236454673527667654445745712221254215544667177726111521 31003
624346576744442225577567122646726124475775556125116111 31004
62436357115655373165761123355527623561211217766373772 -31004
62463544352457425711231166614427742216 31012
62475331362412711133177765545662112544434544622333755227751766 0
625312522363372622217513666716312715161165553357735777 -31004
62532674123314734511512335674632445474452257331612556126776167 0
626143451372752677125663361152115565355633322 -31005
62711345516652667455444223337733244422112561255761116654733377 0
62723717267215111433417254317767732544332552323645666465455 0
62735411327366356771467546773426647233644437211131255114222555 0
6276374562235635567736655576331755446372334441717444222 0
627745427764665633766327355342271771132641226121141134 -31002
63116351373433362774257563442277761455372656654544476522221 31001
631751246566562733772255725353322273266113655637177111 31004
632333626661566655244242254433226555543523344411111111777 0
63415716461173266625445553321267737433466577334721554451272 0
63415726511146445562521476615562225223 -31012
63456343311236731771247166471243626776442241212134623 -31004
63456722242622351323217332645445567463574776365534546 0
6355475471173471614443721477661711716224526455666233322555323 0
63563461234412475126242265235247145571353345566326436717771 -31001
63624442122475317665674421411122326664556117332775555333453177 0
637176542155243535544377352225733546667447473642366111127 -31001
63744527132333544456775522226667114324377475536667522153 -31001
63746611146772523575274327655662377232273321611133115 -31003
63753172452236414433567711344721211122 31010
637545426615551172122477267446633116644453227554265733321113 0
6377712721223654546565534343331376511344557517672671612 31001
64131721471461143224433455667422322273321711343775666765567 -31002
641425555536144411434221445633232225153323127356666117777777 0
64144314113525554535514766763356636333511422177226471 0
6415547633656566416133117734166551354572211753444223432222 31001
6416472364123311465572566562236653345455715111133443224277777 0
6434131734441171733567665574222111771222327655332762634446 31002
6444154556354577343322667761523222776454433317277255661112 -31001
64463422717522777711721227765215111334554333425664134436655656 0
644725121112363433554454432123312223326111766446777556575 0
644777113377134133441142322642554413376627727652322666161555 0
6453262236662472457334555317754361533424523441122517766761177 -31001
6457477652556412165334756711476223334577213113546637161 31003
6462153623174545545442625555777117322467477666216422733 -31004
646727477466436411553452113615516154475522264752711722 31003
647457326722357332457227663256541755114366244257744665311 0
64767444627765366636247441143376323233555112232177427555551112 0
647722616614416572163355263325466443343347734712112551777555 0
6477463467756766715577716245321422332553623615444324351151121 0
651457656632745743621133562562352777755733724444224466311213 0
651552521343475571176166346722331775211556714443326722326 31002
65164314235127671454465577314221611626652265514474352777273 31001
65213346547216676447577545117644552533774214733366151133612222 0
65241114617552445417144755764754562211676176766722522 31004
6525332671644622672711177214337645551155171334446625475673433 -31001
65327171233113331167567637122265527125312737625576565 31004
6533237335545321556551377266711177237221266722531167661 -31004
65333614235524753217572325632256656661 -31006
65353314161133414364566516567522777664472333175777114 -31003
654414761573374651414435737563446113355677755322371211622226 0
65443745332173553246443176336112216557346645226627524152 0
654511533375362477677252231245146146651212277552316766 0
65453463122251215434467674157734115666615355611223344773773 31001
6552655343445634362133117771644562424477661653115577177122222 -31001
6556335277554165463414644136432144336231122213222655657 -31002
655637672514467677577444566455327671615323321512112321332 31001
65565226243346622455461367265722643372534334377111471714711 0
655667325177471355463473365553714446626531276321112217422132 31001
655675443365316643155524357363454162664443322221777711777 31001
6563716616142345221147646635542446571255433323577334572271 0
6564523543245455354651511377734616616337447626147231771223712 0
65766654647177325444635531253117223322447117213317663612255 -31001
657742263546355744116646135212556332244155323344177721 31001
661116221112632736177232522611527663774476375547344433 -31002
66133672174565423112215221446543666116 31010
66152234215347454425425671566216777462211755616274541 -31004
661757577734127743311243774415336556224521666651341563422 0
6623171225632245414453347765561234413345771431752232611557766 0
6623773745332264577654317545665714464265752225134422611711333 -31001
66273444642353226766214231662643342341132477173111717 -31004
663452722376427756667513433322576244522641165535434473 -31002
66361324661624424344266422433111674132 -31004
6644626575733452772135426671116427455772521761556122333 -31004
66447567516266776131117324163165532177134543375544474552222 -31002
664753651252417771671723177335445321151356533165222734466226 -31001
6652153441157551254544467556677642333744117111676623327272 31002
6652511762343174336645457552254442653543312111672422733777667 0
66527475465667742455644622357621777144234653311751111512 31002
66545315445272757736332252366742215122 31010
66556656531664166711472411553215755143742341433344773377722222 0
66617136116563667155772575534423363353 -31010
66637227132645133137577244716615554443552277545137244613312 -31002
6664676631251772254555675574451531123322671223344267477144 31001
66651125247213114345562534555147411652276244721246667777 31003
666667135565726651653222344444332547533431542117227125377711 0
66675661525524315617677111346443147624223245777447555223 31001
6672223664527227434667554467714277421674624 31004
671514255337377465222663775544461162222276633764557544433 0
67237326333373226546574133765455266222 0
6731111564557453356674444421535777754772664351133112322222326 -31001
67326654411615777547111723577423343155553334471534222222466 0
6735433252644325662373354322447775544632566746622111551111 31001
6737377175162766176275562443544555644461454171125623133233 31001
674715131143442232212577522231124366675345677431153667 0
675322367172571613255435722757316572126133512366711653 31004
67543473265443212213337477556177733745222235566116666142154 0
67543735457441132222732733166256112363345145272517711554447666 0
67564375567277572666556622277434714324453314461112221 -31005
6757236412462463327572342445553365412177355114723425117 0
67624143536634262257773433411341441273355147122666275562177 31001
6765464232351441744756422775242264667722111333316333557611175 0
676623352454636754477544576645422455776567337131113121112233 0
6771773654564465465545211447545563333336377261223222476111712 0
67754166543476366652644617555533514221211122337744354237377 -31001
6776453563461221222556737751255551144431634477167317222 31002
71151151211432373377641524447145533457 0
71232334334762732531654456711167767712441411344756636 31002
7127327354154776773137712254523331122521132666556531445446 0
713122145156234467134565366743116155664456143455327777 -31002
714373447741271335222123771413337555666374466554514155 31004
7145276126676116577671344512422333443377374666555435311242551 -31001
71464254736534212752114556251156754772577333114417662422663336 0
7151771335331661335763277577574661533561155122666222222 -31004
715733717677144713111431725241223664442275566233464323 31001
71612477422111132671331353352215755266544224443335446 0
716364222147724444711277667221145277266443333113335556 -31002
71645321335255115555127645244133213722744344243632171 -31002
7165737775755115775246112432123327266164665633552221163 -31002
71675413256166472331224551166551773251557177332367366322 31003
7172476511234326154471533443414411137773356666553677622 31003
7176522641322435334665263444557771116452774567761265451223313 0
721321254633117616672254562621317255656321173673775373 -31003
721532654111373371273557377533635115716644156744522226624444 0
7216147257116527614322152552513323416624653657734446464533137 0
7217332661125747765114434544533656665522425223154277461117763 0
722314577221625111557534534354413455272766611317732237366 0
72253152652612735723643756756575572622733661113371611 -31004
72261644557662465256771471775571151227224446662145541 31004
7226377751571245161134766623424316622157443362113726733444 -31002
7231567177273117732465674345711612113356445663445543352224225 0
723236617511332454453452122467715166665513344211476343552 0
72334611162436633633323125514444647664411761722727221777555 -31001
72337734654165343311316611455471622275442555361566627741734722 0
7234675614556444514515577677146737734666111143163535333222222 -31001
723643221153133117673622517371352735672614412265577656556 -31003
7237674515633616377661553317223611723225312757511655622 31003
72412123566316221555715163321731333656732155662527677774 31003
724413433611635124444762235566355552211477543273522366667777 -31001
7253466277153222612566434437677311174552267254673635441311341 0
7254413352113556767755372261333416314435755221244447227 31002
7261217511774532543622647111677246544575444167155562226 31003
72623111357633465521557756631156557227767217223662114444444433 0
726245554441511661264735614463145612412233333553777773751 31001
7267545135624366713714512252163227773373253216631151754566 -31002
727134566114576525344421455662334776353665221244751226333 0
7271371576555464473733241252111134553224444152125332366667767 -31001
727577153261573451733116622655622127553267563323636171 31004
73133516462451372711766544336376314247557676632217211 -31002
731672154523526251554157441423311235634337266431526442771 -31002
732157345542313354771522574422354427752534121133411177666 31002
73241462431732311424266747763333113762422277711164466 31004
732565225446342411462275222771336773554454471176665766511 -31002
73317243216554531745122444653661715416657755276772323366312442 0
73331272313715454652246444714621137634677471732231226166 31003
7333473711257135173366475544734322656126627725544645461156122 0
73412521727734732674167717113445544661511365666432222426 -31002
73422337346554227314417766655411617224321133117355522545 0
73453365541671466445277662565755663222745444772333713322211111 0
7351716426364214213241775113226267422614466544155336733555 0
7357556453233736266223331172772565566576567322711112111 -31004
736456364767532243761144243734417417662313623261211212 -31003
73742652111513464423344666653233241136161137742647755 31001
73775624246556754452654237522552641333726662311463344 -31001
7413534164572221743225165725166446745223336734724366355756 0
7421452636133251166563667135247723223445511112453425777537 -31001
74216765472775661557412262722144764512544164263371311653 -31003
74255774674736567466354654224667577455456133233212322321311 -31001
742771314113315443211655313322226124374446552645632776665 0
74327577222356467717643436331774411164142552326425556652365 31001
74342745747345243752573433744666223332755672211115552 31002
743554337177634263374535222661446366736642571722242415 -31003
743724516446563111554664532675221621777467564533324771511 -31001
744366521743125144336573574614546677551451133115733677222 31002
744562315332432511767724334265665446531145211521657216677 0
74471613526235113433631776357551446611224245566677771535344 -31002
744751545567464173273226676644477761125554655322622233111 -31002
745127773267716341165232214365177627523445636511244351662533 0
7453443126125631757775446343771115572226667234661232254335 31001
74573563512555631426121122664442477744226633275451116777516 -31002
746164335447552566655656321355777172132247447746642331112221 0
7463224174317764375566226444237371161763342322243671611 31003
74637367772336263422566345546311545566177331144572217254452 31001
747457774271344373262722311654253247245666435561332531111 -31002
74763352622455454733246633625662211156277527437743354471151 0
7513724235575415311225165153421214414332254437243366666677777 -31001
75142467114657177115543315115546552733346422667774422223366332 0
75213557464651662766342255265256677332522344374447734733111111 0
752136775654366414451325755565664113446336743377322411112 -31003
75234732455337777462154662274235642351174645111323321475 31002
75253631743367231446722764142761222132337614416617714346 -31002
752713171144732434453254171552112322342134423376677765555666 0
75355236573355533355173772612463262262 31006
7536466546772112115554763246644335546345212543633113177172 31001
75373711677633523332241732736567664451441216617551122562255 -31002
75474661442721554226711144242255564115623352337777173335313666 0
75555254372331551571612111471322226266514462643377363 -31002
7561642537755452344766741626665575252233611722124147447111333 0
756626476352716665611735733222515613553117522177373312 31004
75673556115624466655577274174445434467225263333331112632771122 0
757242771374355135755164333774422464211151223446666623311266 0
75743164557716737541471557154433223723312221114433422256666665 0
7575576133541546576624134441541331453133122222352471226 0
76116215351145517327464465235221117543333376642734544672776622 0
761174337722454471472456751711466416524137166663322332 -31003
7612123162247447513227723364554566277367655445667432511431 0
76241356351211274554526126557114767726654614777562122444 -31003
762546623172533226441577633216375633116527761535512527 31003
76262662575255536311433222237471411115663771353362155764 -31003
76263666147753512245444366511155133475361644575433113 -31003
76263667144234534467713622121636647111223341321247747 -31004
7627514362526515553466215662321443452526644477411117777 31002
76277655637441124544655432415647236631262255247756117273333311 0
7634277271656377476655645431624345445775663341155131311132 31001
76417357146754644432556655446232255247763361162132511727713233 0
764421765312441757754511755711741452557446612666262263333223 0
764423421435341352112634443661335575522525227 31003
764531547477442726677561661766311722333216422341331312445555 0
76456227751114367554467746617514147565544172121656222 -31004
76464531625777651666577364645511574445441235117173331 31003
76466527734657542345644331767246566477555433333751122222121 -31002
764675774667221356317121125313323762244427116317663324455 -31001
765276354341517773125734475551225431661771446415432233312226 0
76577477761263122264572551161633657663733323221135215 31003
76652346655536157553517766664723444514433433322222142777 -31002
76736756633232673355661177233253157175761621222111525 31004
7674616477373647771752636342163223116333441611142244222 -31004
7674662735743177412115733416366221422376721346264455525 0
767562525177722723445516731133325771556116442362635132163 31002
771151544437553571177733334334375722222221412114666666424 -31002
77153777534215117666627312272631551765523633535612312 -31004
77161556634211773454714362135577767152243422133641254665625 0
77177126434352252333221627247163627144163743341766644611 -31003
77262141533645447661125544146623544112336536562225125 31001
7732244546352611747277246554411241333315514777521133553 -31003
77333476646332664514264343443436667255111155127772225555177 -31001
77334475572132132364522331114624413416557722325714415776655 31001
7742335641561127677411743556666114447716433555134567532222222 -31001
7742563717774522442676654133761334556237565144453363222251161 0
7744364733527656621726277322413434467233371144662261111 31003
774437367343341222556544162221543225666441126733511777661 0
7747317325712235161162155437246546527713732555212133666444643 0
775324565572713657224327344463211152345554433771711231 0
77533771566536656557524443661212212755632273367273312111 31002
7756444473653344564141161663522255362275614553232131121236777 0
775713543173442255345124477566611711165552612323224332776366 31001
7757347654367365244465665577144362233153721543546761112222 0
775774765662647746765547345464455165151133124163233212133222 0
7762547534632323352245554315666457775311433416666222271177441 0
77637645636675475454654671543755364472412261152171331223331222 0
77655352437333555355315667163666231244116442122711177 -31002
7775565773467664162316366255771137615215442233314445421523 0
77764757142324133444422234332431622775125351176175361556665166 0
777653755132446777313315162231551127756236523365226621 -31003
777731621145233623645245154556745736235516667772264434422111 0
